1942 3081
680 141 792 147 ——
853 120 902 158 77
963 143 1074 148 ——
1254 122 1590 161 Paul.ll,27—30.x

111 243 133 280 Ξ
161 249 286 281 tatur.
348 242 410 281 Ad
447 256 587 282 curam
626 244 738 291 eius,
780 245 897 283 cuius
928 245 1020 294 quis
1057 247 1227 284 tutelam
1266 246 1586 295 administrauit,

110 300 131 337 3
161 300 319 338 inuitus
356 301 492 339 uocari
529 312 608 339 non
639 306 788 351 potest.
855 301 1190 352 *Quinquaginta
1221 301 1381 341 dierum
1413 305 1590 353 spatium

159 355 466 395 *tantummodo
488 356 540 395 ad
563 356 855 396 contestandus
877 359 1190 396 excusationum
1213 372 1358 397 causas
1381 361 1583 410 pertinet:

158 413 420 464 *peragendo
443 414 553 451 enim
577 414 738 463 negotio
770 426 821 452 ex
843 413 911 452 die
934 415 1227 454 nominationis
1256 417 1439 454 continui
1471 424 1591 466 quat-

111 471 130 507 4
158 472 277 509 *tuor
298 482 462 509 menses
483 470 694 509 constituti
717 477 828 509 sunt.
881 471 971 510 Post
992 478 1225 522 susceptam
1248 473 1421 511 tutelam
1444 485 1592 512 caecus

151 527 255 568 faut
277 526 429 566 surdus
450 533 521 565 aut
543 533 682 565 mutus
704 534 776 566 aut
806 528 985 567 furiosus
1006 535 1077 568 aut
1098 528 1434 568 ualetudinarius
1462 529 1592 580 depo-

109 583 131 620 5
157 586 280 622 *nere
303 584 473 623 tutelam
497 589 648 635 potest.
694 584 943 636 Paupertas,
970 597 1076 636 quae
1099 586 1213 637 operi
1237 592 1277 624 et
1298 587 1414 625 oneri
1438 587 1590 625 tutelae

110 640 132 677 6
157 641 314 692 *impar
343 647 428 689 est,
463 641 566 679 solet
594 640 780 680 tribuere
812 642 1084 682 uacationem.
1148 643 1221 681 Pro
1249 649 1264 681 t

158 700 228 735 '“ut
250 703 312 736 est
333 697 501 736 Latinus
524 698 1420 738 lunizinus———codcoillis
1437 698 1489 738 ad
1508 705 1592 738 tes-

157 753 409 793 *tamentum
432 766 512 793 non
535 754 832 805 pertinentibus
1012 780 1234 783 w—*a
1253 757 1351 793 —.*

481 866 611 919 [xxviii
670 881 716 906 DE
749 881 969 907 porionmvs
1001 869 1256 921 Nomxffims]

111 947 124 984 l
272 947 358 985 Non
381 953 491 985 recte
513 948 714 998 potiorem
736 947 906 987 uidetur
923 949 1147 995 nominare,
1176 949 1247 999 qui
1269 961 1432 987 causam
1457 950 1590 987 nomi-

109 1005 131 1042 2
158 1003 244 1042 nati
267 1004 439 1055 potioris
461 1016 541 1042 non
564 1006 832 1056 expresserit.
888 1006 1021 1044 Potior
1042 1005 1137 1056 quis
1160 1017 1251 1043 esse
1273 1005 1399 1045 debet
1418 1019 1499 1045 non
1524 1019 1590 1045 so-

109 1061 130 1098 3
160 1060 243 1099 lum
265 1059 398 1112 gradu
420 1061 601 1112 generis,
627 1061 700 1100 sed
722 1061 1015 1101 et‘suhstantia
1040 1062 1098 1101 rei
1122 1061 1352 1101 familiaris.
1403 1062 1589 1101 *Amicos

157 1117 390 1168 *appellare
424 1117 627 1156 debemus
656 1131 738 1157 non
772 1119 854 1158 leui
887 1120 1030 1157 notitia
1053 1119 1315 1169 coniunctos7
1341 1119 1415 1158 sed
1436 1119 1590 1171 quibus

157 1173 337 1212 *fuerint
375 1175 416 1212 in
456 1175 545 1213 iura
576 1187 667 1213 cum
706 1182 823 1226 patre
865 1175 1040 1215 familias
1078 1176 1261 1214 honestis
1300 1175 1590 1216 familiaritatis

160 1231 366 1282 *quaesita
392 1231 661 1270 rationibus*

376 1345 477 1395 [xxix
536 1357 603 1390 QVI
635 1357 820 1385 POTIORES
852 1358 1048 1385 ΝοΜιΝΑΒΕ
1082 1359 1161 1385 Nox
1192 1346 1373 1398 PosstT]

274 1423 485 1474 Libertus,
519 1436 643 1474 quem
673 1431 793 1476 pater
827 1432 1002 1464 tutorem
1026 1424 1164 1476 dedit,
1199 1426 1233 1464 si
1256 1426 1394 1464 minus
1416 1425 1592 1465 idoneus

160 1479 337 1531 dicatur⁷
364 1481 553 1520 excusari
577 1481 748 1532 quidem
771 1495 852 1521 non
874 1488 1031 1534 potest,
1060 1482 1133 1521 sed
1155 1482 1324 1534 adiungi
1348 1483 1405 1521 illi
1428 1490 1592 1522 curator

162 1543 309 1588 potest.

508 1652 593 1702 [xxx
651 1664 700 1690 An
732 1664 955 1691 onmoxvmu
986 1664 1064 1690 mvi
1096 1652 1237 1704 SEVERI]

272 1730 370 1769 Dolo
400 1731 546 1769 tutoris
578 1732 835 1770 curatorisue
868 1731 1029 1770 detecto
1063 1732 1103 1769 in
1135 1731 1308 1783 duplum
1342 1733 1431 1771 eius
1462 1746 1591 1784 pecu—

159 1787 252 1826 niae
285 1786 624 1826 condemnatione
667 1789 996 1838 conueniuntur‚
1039 1802 1118 1840 qua
1154 1790 1356 1828 minorem
1397 1789 1588 1829 fraudare

158 1844 396 1883 uoluerunt.

814 1959 932 2010 [xxxi]

272 2038 484 2076 *Postumo
513 2044 624 2076 tutor
654 2037 775 2076 datus
803 2051 885 2076 non
917 2045 1012 2077 nato
1039 2046 1227 2090 postumo
1249 2052 1386 2091 neque
1417 2040 1587 2089 tutelae,

160 2095 281 2145 *quia
303 2094 442 2133 nullus
463 2094 648 2145 pupillus
670 2101 744 2144 est⁷
772 2107 910 2146 neque
929 2096 1183 2146 negotiorum
1206 2104 1416 2148 gestorum
1440 2096 1590 2136 iudicio

251 2261 306 2297 27,
329 2262 345 2290 3
367 2272 406 2285 =
429 2259 504 2299 Περ.
527 2261 580 2297 27,
608 2261 632 2296 ι,
656 2261 695 2289 38
754 2259 766 2299 ῃ
823 2262 877 2298 27,
899 2262 928 2291 4.
951 2263 968 2291 5
989 2274 1029 2286 =
1051 2260 1127 2300 Diq.
1150 2263 1204 2299 27,
1229 2264 1258 2298 t,
1280 2262 1318 2291 40
1367 2261 1380 2301 ῃ
1431 2264 1486 2298 27,
1510 2263 1527 2291 6
1547 2274 1587 2287 --

168 2305 239 2336 Vat.
262 2307 323 2335 472
365 2304 377 2344 Η
420 2307 472 2343 28,
496 2307 512 2335 3
532 2317 572 2330 =
595 2304 669 2344 Περ.
693 2307 747 2343 50,
770 2307 822 2343 46,
845 2307 922 2344 223,
949 2309 956 2336 ι
1003 2306 1015 2345 n
1057 2309 1121 2336 30A
1141 2320 1180 2333 =
1200 2307 1278 2347 Di9.
1300 2308 1354 2344 27,
1375 2309 1405 2344 3,
1426 2308 1466 2337 24

253 2460 269 2488 5
297 2457 438 2497 caecus]
466 2456 578 2489 sactus
596 2458 689 2488 addit
708 2458 893 2488 Mommsen
933 2458 946 2498 Η
989 2461 1028 2489 42
1054 2460 1226 2490 nominati
1249 2461 1348 2495 dett„
1379 2460 1587 2490 nominatim

160 2503 197 2540 L,
225 2504 333 2544 deficit
351 2503 388 2534 M
425 2503 438 2543 ΙΙ
480 2506 518 2533 46
548 2504 582 2533 in
603 2503 676 2534 iura
698 2527 703 2533 .
727 2527 734 2533 .
757 2527 763 2533 .
786 2502 1046 2544 familiaritatis]
1075 2505 1219 2536 uincula
1238 2513 1319 2535 cum
1340 2514 1369 2545 p.
1393 2504 1414 2535 f.
1436 2503 1588 2536 familia-

160 2549 273 2579 ritatis
290 2548 449 2580 honestis
469 2549 651 2579 Mommsen
692 2549 704 2588 ΙΙ
748 2551 786 2579 48
806 2549 962 2589 potiores
976 2551 1014 2587 L,
1033 2551 1151 2591 potior
1165 2551 1202 2580 M
1238 2550 1251 2589 ΙΙ
1292 2550 1473 2581 nominare
1491 2551 1586 2588 dett„

122 2618 125 2621 ,
160 2594 334 2625 nominari
349 2594 411 2625 ML
451 2594 464 2634 ll
503 2596 653 2634 possunt
667 2594 704 2629 L,
725 2595 838 2634 possit
857 2595 893 2625 M
931 2595 943 2634 ΙΙ
985 2598 1025 2625 28
1045 2598 1098 2627 est
1116 2595 1166 2633 F1,
1189 2597 1239 2626 est
1257 2604 1371 2634 neque
1389 2604 1452 2635 pro
1471 2597 1587 2627 tutore

159 2639 242 2679 quia
261 2639 355 2670 nulla
375 2640 584 2678 significatio
601 2642 652 2670 est
673 2638 720 2669 ΡΞ

1623 1129 1656 1155 15

1620 1494 1656 1519 .'(l
