1942 3081
324 94 418 124 Paul.
443 94 466 129 1,
493 94 619 123 16-19
1014 91 1066 132 58
1125 114 1235 120 ——

753 216 828 269 {xvi
888 229 1019 256 rmum
1050 217 1324 268 REvanonvn]

437 296 480 336 ln
503 309 621 346 eum,
656 298 727 348 qui
752 309 826 348 per
847 297 932 336 uim
955 297 1154 336 terminos
1176 296 1330 336 deiecit
1350 296 1418 336 uel
1440 297 1608 346 amouit,
1644 302 1761 335 extra

322 353 509 393 ordinem
532 353 895 393 animaduertitur.

782 467 872 520 [xvn
936 479 983 506 οε
1016 467 1297 519 sizavirvrmvs]

278 548 289 585 'l
438 548 553 586 Viam
584 548 666 586 iter
693 554 829 586 actum
860 559 993 599 aquae
1025 546 1218 596 ductum,
1251 547 1322 598 qui
1346 546 1516 585 hiennio
1545 559 1647 585 usus
1678 559 1761 586 non

324 611 405 654 est,
442 605 629 644 amisisse
661 603 851 643 uidetur:
899 617 975 643 nec
1008 605 1119 643 enim
1152 616 1198 642 ea
1230 605 1402 655 usucapi
1423 611 1619 654 possunt,
1655 615 1762 655 quae

275 663 296 699 -2
322 675 402 701 non
433 661 589 700 utendo
620 662 884 700 amittuntur.
938 661 1129 700 Seruitus
1152 660 1409 700 hauriendae
1439 673 1569 712 aquae
1592 662 1659 700 uel
1683 660 1763 700 du—

323 718 479 758 cendae
509 718 680 757 biennio
706 719 854 757 omissa
876 717 1085 757 intercidit
1118 725 1154 757 et
1179 717 1350 756 biennio
1382 725 1581 769 usurpata
1610 719 1764 770 recipi-

274 778 295 813 :3
324 783 405 814 tur.
448 776 662 815 *Seruitus
685 787 817 826 aquae
845 774 1062 814 ducendae
1084 775 1153 813 uel
1171 774 1426 814 hauriendae
1449 775 1529 813 nisi
1556 788 1607 814 ex
1629 776 1762 827 capite

324 834 416 872 *uel
440 845 491 871 ex
519 831 635 884 fonte
657 832 850 871 constitui
881 844 963 870 non
984 838 1142 883 potest:
1171 831 1300 870 'hodie
1323 838 1461 871 tamen
1485 844 1533 870 ex
1559 844 1762 884 quocum-

324 894 431 942 ²‘que
454 891 539 928 loco
560 889 753 928 constitui
776 888 919 928 soletf'*

667 1003 774 1055 [xvnl
834 1015 881 1041 DE
914 1015 1092 1042 munst
1125 1002 1421 1055 HERCISCVNDAE]

280 1084 292 1121 l
439 1083 609 1123 Arbiter
631 1082 810 1122 familiae
831 1082 1131 1122 herciscundae
1160 1083 1254 1134 plus
1275 1095 1399 1134 quam
1421 1082 1548 1121 semel
1571 1081 1661 1121 dari
1683 1094 1765 1121 non

329 1148 484 1193 potest:
520 1148 560 1179 et
584 1139 676 1180 ideo
698 1140 749 1179 de
772 1140 851 1190 his,
878 1152 986 1191 quae
1009 1139 1144 1179 diuisa
1167 1153 1215 1179 eo
1238 1139 1390 1178 iudicio
1412 1152 1494 1178 non
1517 1147 1628 1188 sunt,
1653 1152 1765 1178 com-

278 1199 300 1236 ἱ).
330 1199 442 1237 muni
475 1197 709 1237 diuidundo
739 1196 898 1236 arbiter
928 1197 1158 1249 postulatus
1187 1198 1405 1249 partietur.
1459 1196 1541 1236 *De
1571 1195 1765 1236 omnibus

334 1255 479 1294 ‘rebus
502 1254 768 1294 hereditariis
790 1253 920 1293 iudex
942 1267 1188 1305 cognoscere
1211 1253 1335 1293 debet
1360 1260 1397 1293 et
1421 1253 1631 1293 celebrata
1653 1253 1767 1293 diui-

277 1313 298 1350 3
326 1313 465 1351 *sione
490 1313 531 1350 in
555 1312 683 1351 semel
705 1310 757 1351 de
780 1311 973 1351 omnibus
994 1312 1250 1363 pronuntiet.
1303 1310 1433 1350 ludici
1466 1310 1645 1350 familiae
1668 1310 1768 1350 her-

327 1368 575 1415 *cist-undae
597 1370 815 1419 conuenit,
841 1376 884 1407 ut
909 1382 981 1418 ea,
1013 1381 1120 1420 quae
1154 1369 1248 1419 quis
1270 1381 1321 1407 ex
1353 1368 1560 1408 communi
1590 1369 1763 1420 accepit,

328 1430 424 1466 *aut
447 1427 535 1478 ipsa
557 1433 627 1465 aut
647 1426 978 1465 aestimationem
1001 1438 1142 1465 eorum
1167 1431 1475 1477 repraesentet,
1501 1432 1544 1464 ut
1569 1425 1678 1463 inter
1698 1437 1768 1464 co-

280 1485 300 1521 4
327 1482 533 1522 *heredes
564 1483 696 1522 diuidi
736 1483 910 1535 possint.
973 1482 1103 1522 ludex
1134 1482 1313 1521 familiae
1350 1481 1653 1521 herciscundae
1688 1494 1767 1521 nec

330 1542 462 1579 *inter
492 1553 644 1592 paucos
675 1539 925 1590 coheredes,
960 1539 1036 1579 sed
1057 1541 1167 1578 inter
1187 1552 1330 1578 omnes
1361 1538 1525 1578 dandus
1549 1546 1632 1578 est:
1667 1539 1768 1578 alio-

280 1598 301 1634 5
329 1598 458 1649 *quin
481 1597 685 1637 inutiliter
707 1596 842 1636 datur.
879 1597 1034 1636 Omnes
1056 1609 1136 1647 res,
1163 1608 1269 1648 quae
1291 1596 1497 1635 sociorum
1518 1603 1628 1646 sunt,
1655 1609 1769 1636 com-

328 1655 469 1694 *muni
492 1653 726 1693 diuidundo
751 1653 901 1694 iudicio
923 1655 1033 1693 inter
1056 1666 1124 1693 eos
1146 1654 1440 1705 separantur.*

380 1782 454 1807 'xtx
516 1780 806 1815 QVEMADMODVM
837 1781 1026 1807 ACTIONES
1057 1781 1126 1806 PER
1156 1780 1449 1806 INFITIATIONEM
1479 1765 1715 1818 DVPLENTVR]

288 1849 296 1886 1
445 1847 656 1894 Quaedam
681 1848 862 1886 actiones
884 1848 917 1886 si
940 1861 962 1885 a
988 1859 1057 1885 reo
1082 1847 1332 1896 infitientur,
1365 1846 1616 1897 duplantur,
1651 1846 1767 1885 uelut.

333 1905 518 1955 iudicati,
544 1904 734 1956 depensi,
763 1905 884 1955 legati
902 1917 978 1955 per
994 1904 1302 1943 damnationem
1321 1903 1469 1953 relicti,
1496 1902 1637 1942 damni
1656 1903 1769 1942 iniu-

428 2043 464 2071 16
484 2055 524 2068 =
549 2041 688 2073 Collatio
713 2044 762 2079 13,
783 2043 800 2072 2
835 2040 849 2080 ΙΙ
884 2043 936 2079 47,
959 2043 974 2071 3
996 2053 1036 2067 --·
1058 2040 1134 2080 Diy.
1157 2042 1265 2079 8,3,9
1300 2040 1312 2080 ΙΙ
1348 2042 1402 2077 48,
1424 2042 1510 2071 2-5
1530 2053 1571 2067 =
1589 2040 1769 2080 Appendiae

335 2090 363 2123 i,
391 2090 517 2118 1-2—15

428 2215 435 2242 t
468 2212 593 2243 finium
616 2211 697 2243 Coll.
720 2214 773 2249 -t3,
796 2214 826 2250 2,
849 2211 892 2242 de
910 2210 1034 2243 finium
1059 2210 1238 2253 Wisigothi
1277 2211 1290 2251 11
1332 2214 1349 2242 3
1376 2213 1410 2243 in
1427 2210 1628 2251 quibusdam
1645 2211 1769 2242 codici-

332 2259 393 2290 bus
410 2259 576 2297 epitomae
593 2258 800 2298 ,leyidianae
822 2257 959 2288 {Haenel
974 2266 1010 2296 p.
1033 2258 1108 2295 350)
1137 2258 1218 2289 haec
1242 2258 1439 2289 adduntur.-
1465 2256 1553 2288 fines
1571 2259 1686 2287 terrae
1703 2265 1767 2297 per

337 2306 488 2345 spraeter
504 2305 643 2340 codices)
666 2303 838 2333 terminos
858 2305 1036 2343 regantur,
1058 2311 1101 2333 ne
1121 2303 1355 2344 dissipentur:
1377 2302 1422 2334 ab
1439 2304 1590 2342 utroque
1608 2302 1768 2342 quinque

333 2348 465 2391 pedum
494 2349 574 2380 loco
606 2350 815 2385 teneantur,
847 2357 933 2387 quae
962 2350 997 2379 m·
1022 2348 1127 2388 fallor
1154 2357 1222 2380 non
1251 2357 1295 2380 ex
1326 2348 1450 2386 Paulo,
1486 2347 1545 2379 sed
1573 2356 1617 2378 ea:
1648 2347 1769 2378 Isidori

335 2394 479 2435 Etymol.
501 2397 532 2433 5,
552 2397 608 2433 25,
635 2396 664 2424 tt
689 2394 859 2433 descripta
876 2397 955 2425 sunt
994 2394 1008 2433 11
1049 2395 1066 2424 6
1086 2394 1194 2435 enim]
1215 2397 1370 2434 expectes
1387 2395 1505 2425 tamen
1545 2392 1558 2432 ΙΙ
1599 2394 1616 2423 8
1637 2393 1768 2424 omissa

334 2441 534 2479 sichardus,
549 2441 641 2472 actio
656 2440 788 2471 omissa
803 2440 930 2470 codices
958 2438 972 2479 ll
1001 2440 1189 2471 intercedit
1199 2440 1247 2479 M,
1263 2439 1490 2471 interdicitur
1503 2438 1528 2470 L
1557 2438 1571 2478 ΙΙ
1603 2440 1641 2468 10
1661 2440 1768 2479 ponte

336 2487 362 2517 F
414 2486 427 2526 11
487 2488 523 2516 17
553 2485 596 2517 de
622 2485 1098 2525 WisiyothicumAppendice
1117 2488 1146 2523 t,
1170 2487 1230 2516 ⁴2:
1257 2485 1299 2525 cf.
1321 2485 1365 2516 ad
1381 2494 1415 2515 u.
1442 2487 1449 2514 t
1511 2484 1524 2524 ΙΙ
1581 2484 1614 2514 in
1642 2482 1764 2523 semel]

333 2532 375 2571 es.
400 2532 474 2572 Diq.
498 2535 551 2565 18,
576 2534 605 2569 t,
628 2533 682 2570 35,
703 2533 719 2561 7
762 2531 775 2570 {l
822 2532 858 2560 19
876 2533 936 2562 aut
956 2531 1030 2571 ipsa
1048 2531 1086 2569 A,
1108 2534 1145 2562 ut
1164 2532 1240 2572 ipsa
1257 2531 1380 2569 reliqui
1397 2531 1525 2561 codices
1564 2528 1578 2569 ΙΙ
1618 2531 1654 2559 2⁴
1677 2529 1769 2561 alio-

333 2578 417 2617 quin
438 2577 610 2609 inutiliter
631 2576 802 2615 eumerus,
823 2576 907 2616 quin
928 2576 1041 2607 inutil.
1063 2577 1117 2608 uel
1133 2577 1192 2617 qui
1213 2584 1280 2607 non
1300 2575 1378 2606 util.
1399 2576 1528 2607 codices
1578 2575 1591 2614 ΙΙ
1644 2576 1684 2605 23
1713 2575 1769 2606 iu-

334 2623 439 2661 dicioJ
463 2623 495 2653 in
516 2623 648 2654 iudicio
666 2623 794 2653 codices

1791 839 1828 867 to

1793 1205 1832 1233 ⁴5

1793 1490 1834 1520 20

1793 1854 1834 1885 25
