1942 3081
346 110 442 141 Paul.
466 110 566 140 V.23
852 130 961 136 -—.
1027 108 1103 147 13⁴)
1163 129 1274 136 .-

347 237 450 273 *nus
472 233 684 273 homicidii
709 246 804 273 reus
825 245 907 272 non
930 240 1061 285 potest
1086 233 1306 284 postulari:
1335 231 1502 271 modum
1525 234 1637 272 enim
1658 234 1782 272 casti-

297 292 318 330 7
347 290 496 342 *gandi
529 298 570 330 et
602 292 643 330 in
673 303 891 330 seruorum
924 291 1170 330 coercitione
1201 290 1357 342 placuit
1390 291 1632 340 temperari.
1702 290 1780 337 Qui

348 348 501 387 *telum
541 347 736 387 tutandae
778 348 923 387 salutis
964 360 1085 387 causa
1117 348 1242 399 gerit,
1292 359 1375 386 non
1409 345 1573 386 uidetur
1603 347 1782 387 hominis

348 405 590 445 *occidendi
642 418 765 445 causa
816 413 998 456 portare.
1062 404 1134 443 teli
1183 410 1322 444 autem
1372 404 1651 456 appellatione
1700 416 1781 444 non

349 464 535 502 *tantum
565 462 720 502 serrum
752 463 1011 511 continetur,
1057 461 1131 501 sed
1161 474 1282 500 omne
1312 460 1425 512 quod
1453 460 1630 500 nocendi
1662 474 1781 501 causa
1810 470 1826 497 5

299 520 322 557 8
347 521 579 572 *portatum
609 521 714 559 est.*
775 520 853 565 Qui
886 520 1084 558 latronem
1116 518 1285 558 caedem
1316 517 1396 557 sibi
1429 517 1680 557 inferentem
1712 519 1780 558 uel

348 576 471 616 †alias
505 576 735 628 quemlihet
769 583 914 627 stupro
948 575 1159 625 occiderit,
1195 576 1334 627 puniri
1366 588 1448 614 non
1470 576 1646 627 placuit:
1680 576 1785 615 alius

348 635 460 673 enim
495 634 647 684 uitam,
687 634 792 672 alius
828 632 1031 684 pudorem
1064 632 1231 684 publico
1269 631 1449 671 facinore
1486 631 1780 672 defenderunt.

300 692 322 729 9
349 692 418 729 *Si
437 692 529 742 quis
552 690 686 730 furem
707 696 955 729 nocturnum
975 690 1041 729 uel
1063 689 1273 739 diurnum,
1301 702 1394 728 cum
1416 703 1459 729 se
1482 690 1561 729 telo
1582 689 1786 729 desende—

351 754 449 797 “i-et,
476 747 690 797 occiderit,
716 748 791 786 hac
814 746 987 798 quidem
1009 747 1099 798 lege
1122 759 1202 785 non
1225 753 1415 786 tenetur:
1453 746 1527 786 sed
1550 747 1699 786 melius
1725 746 1784 786 fe-

349 806 501 855 *cerit7
527 806 562 843 si
585 817 680 844 eum
703 805 1052 856 comprehensum
1079 803 1448 843 transmittendum
1479 803 1532 843 ad
1555 803 1784 855 praesidem

216 865 229 901 ’1
245 864 265 900 Ο
294 864 303 900 1
322 861 689 914 l³⁸⁵magistratibus
710 860 953 900 obtulerit?
1004 860 1262 900 Mandatores
1284 860 1424 900 caedis
1445 860 1623 912 perinde
1645 867 1691 901 ut
1713 862 1787 900 ho-

217 921 230 957 4
246 921 259 957 l
293 920 337 958 10
353 919 527 959 micidae
550 920 798 971 puniuntur.
864 917 1014 967 ludex,
1051 919 1123 969 qui
1146 919 1188 956 in
1213 925 1335 970 caput
1359 916 1630 970 fortunasque
1654 918 1788 957 homi-

352 979 416 1016 nis
433 976 655 1029 pecuniam
671 977 893 1027 acceperit,
915 977 957 1014 in
975 975 1154 1014 insulam
1170 974 1289 1015 bonis
1300 974 1506 1027 ademptis
1523 974 1780 1027 deportatur.

276 1035 323 1072 sl&
351 1035 393 1073 Si
416 1040 605 1086 putator,
642 1045 693 1072 ex
720 1032 869 1072 arbore
899 1045 993 1072 curn
1024 1045 1184 1072 ramum
1213 1032 1414 1082 deiceret,
1450 1045 1531 1071 non
1557 1033 1788 1084 proclama·
1837 1041 1850 1067 t·

351 1092 424 1139 uit,
451 1097 497 1130 ut
518 1092 739 1140 uitaretur,
774 1098 898 1142 atque
922 1091 977 1129 ita
998 1090 1259 1141 praeteriens
1281 1088 1469 1129 eiusdem
1492 1091 1576 1129 ictu
1595 1090 1782 1142 perierit,

276 1149 323 1187 43
351 1149 429 1188 etsi
452 1149 494 1187 in
516 1148 651 1200 legem
672 1160 753 1186 non
777 1148 967 1197 incurrit?
994 1149 1036 1186 in
1059 1147 1271 1186 metallum
1293 1146 1428 1186 datur.
1479 1147 1557 1193 Qui
1578 1147 1787 1186 hominem

353 1206 531 1245 inuitum
553 1204 742 1244 libidinis
764 1210 834 1244 aut
856 1204 1077 1256 promercii
1102 1216 1223 1243 causa
1245 1205 1443 1243 castrauit
1467 1203 1787 1243 castrandumue

352 1263 535 1312 curauit7
569 1263 659 1301 siue
683 1262 716 1301 is
738 1274 890 1301 seruus
911 1262 1000 1300 siue
1024 1260 1130 1300 liber
1151 1263 1225 1309 sit,
1254 1261 1388 1313 capite
1410 1262 1624 1313 punietur,
1652 1261 1789 1300 hone-

277 1321 324 1358 44
352 1321 501 1359 stiores
531 1319 756 1371 publicatis
778 1318 898 1358 bonis
929 1319 969 1357 in
994 1318 1172 1357 insulam
1203 1318 1487 1370 deportantur.
1553 1319 1632 1365 Qui
1665 1318 1789 1358 abor-

351 1377 476 1416 tionis
497 1383 566 1416 aut
588 1378 833 1416 amatorium
856 1376 1050 1427 poculum
1074 1375 1195 1425 dant,
1235 1377 1311 1414 etsi
1334 1374 1378 1414 id
1400 1373 1491 1414 dolo
1513 1388 1595 1415 non
1619 1374 1785 1425 faciant,

352 1441 492 1473 tamen
522 1435 621 1485 quia
648 1434 746 1472 mali
779 1433 959 1485 exempli
992 1445 1058 1471 res
1091 1439 1174 1481 est,
1211 1432 1454 1472 humiliores
1485 1433 1527 1471 in
1557 1433 1785 1482 metallum,

353 1491 613 1530 honestiores
648 1491 690 1529 in
727 1491 903 1530 insulam
941 1491 1091 1529 amissa
1126 1496 1243 1541 parte
1280 1489 1484 1529 bonorum
1522 1490 1785 1542 relegantur:

354 1547 467 1600 quod
496 1549 530 1587 si
562 1561 614 1587 ex
646 1548 721 1587 hoc
742 1548 995 1587 mulier'aut
1024 1547 1144 1586 homo
1175 1547 1368 1599 perierit,
1402 1560 1563 1586 summo
1586 1547 1791 1599 supplicio

280 1606 327 1644 *15
354 1605 622 1645 adficiuntur.
686 1605 765 1651 Qui
796 1617 911 1644 sacra
945 1605 1071 1656 impia
1093 1611 1372 1654 nocturnaue,
1409 1611 1453 1643 ut
1480 1617 1605 1656 quem
1636 1603 1791 1643 obean-

354 1669 492 1702 tarent
522 1662 757 1714 defigerent
786 1661 1040 1713 obligarent7
1068 1660 1243 1701 fecerint·
1266 1660 1511 1701 faciendaue
1533 1662 1788 1711 curauerint‚

280 1721 328 1758 v¹6
354 1726 426 1759 aut
454 1720 567 1759 cruci
599 1718 854 1771 suffiguntur
880 1725 950 1758 aut
980 1718 1126 1758 hestiis
1153 1718 1409 1758 obiciuntur.
1473 1719 1553 1765 Qui
1582 1719 1790 1758 hominem

355 1777 661 1816 immolauerint
679 1789 785 1816 exue
803 1776 893 1815 eius
906 1776 1109 1827 sanguine
1127 1776 1354 1825 litauerint‚
1377 1775 1518 1815 fanum
1534 1776 1791 1827 templumue

353 1834 603 1885 polluerint,
636 1833 784 1873 bestiis
813 1832 1076 1882 obiciuntur,
1102 1833 1171 1872 uel
1193 1833 1227 1872 si
1249 1833 1506 1872 honestiores
1526 1834 1632 1883 sint,
1659 1833 1792 1885 capite

280 1890 329 1929 117
356 1891 605 1942 puniuntur.
667 1891 845 1941 Magio-ae
881 1891 982 1929 artis
1018 1890 1200 1929 conscios
1235 1902 1396 1929 summo
1431 1890 1634 1942 supplicio
1671 1890 1791 1930 adfici

356 1949 526 2000 placuit,
555 1947 598 1987 id
625 1955 685 1987 est
714 1947 859 1987 bestiis
882 1947 989 1986 obici
1011 1953 1082 1986 aut
1104 1948 1214 1986 cruci
1238 1947 1391 1998 suffigi.
1429 1947 1505 1999 ipsi
1523 1954 1660 1987 autem
1684 1948 1790 1996 magi

281 2006 330 2042 48
357 2006 445 2044 uiui
470 2011 720 2044 exuruntur.
785 2004 928 2043 Libros
949 2005 1133 2055 magicae
1163 2005 1263 2043 artis
1285 2004 1396 2056 apud
1417 2017 1461 2044 se
1484 2005 1696 2044 neminem
1718 2005 1793 2043 ha—

450 2167 504 2201 23,
526 2167 542 2195 7
564 2178 604 2191 =
628 2164 768 2196 Collatio
788 2167 817 2194 1.
837 2167 876 2195 43
896 2168 927 2196 et
943 2165 1110 2204 usque-ad
1126 2173 1160 2196 u.
1181 2166 1197 2194 l·
1217 2166 1360 2206 portare
1378 2177 1419 2191 =
1441 2165 1517 2205 Diy.
1537 2166 1590 2201 108,
1607 2166 1639 2200 6,
1660 2166 1712 2200 Η,
1730 2165 1748 2194 2
1783 2162 1793 2202 ξ’

358 2213 412 2246 23,
433 2213 451 2241 9
472 2224 512 2237 =
537 2209 676 2241 Collatio
694 2212 725 2246 7,
748 2213 765 2240 2
806 2209 819 2249 u
861 2212 915 2248 23,
939 2212 976 2240 44
998 2223 1038 2236 =
1059 2210 1137 2250 οῖς.
1160 2211 1214 2247 48,
1237 2212 1290 2248 49,
1312 2213 1366 2245 38,
1387 2213 1405 2241 5

451 2372 467 2399 3
495 2368 633 2408 salutis]
663 2369 726 2400 sal.
748 2377 832 2400 suae
853 2369 929 2409 Diy.
989 2370 1002 2409 ΙΙ
1059 2371 1145 2409 gerit
1168 2369 1282 2402 Coll.W
1304 2370 1420 2406 Colw,
1447 2371 1563 2410 ageret
1588 2369 1705 2405 Col!.¹‘,
1734 2378 1795 2409 ge-

359 2417 439 2446 runt
460 2415 536 2455 Diy.
583 2415 597 2455 l}
647 2415 813 2446 uideatur
835 2414 931 2451 (loll.y
953 2415 1123 2447 uidentur
1141 2416 1219 2456 Diq.
1277 2415 1291 2455 11
1347 2418 1362 2444 ἰ·
1383 2415 1471 2447 alias
1489 2415 1622 2456 queml.
1648 2416 1791 2455 :quaml⁸

361 2461 395 2499 L)
418 2460 552 2502 stupro]
574 2463 730 2500 expectes
747 2460 856 2491 alium
876 2460 1069 2500 quemlibet
1090 2463 1212 2502 stupro
1231 2470 1268 2493 se
1286 2463 1462 2502 petentem
1504 2461 1517 2500 11
1565 2462 1583 2491 9
1603 2459 1795 2492 defendere

358 2507 487 2538 codices
526 2505 540 2546 ΙΙ
582 2508 623 2537 ⁴5
641 2505 810 2537 deiecerit
828 2507 957 2537 codices
997 2506 1010 2546 ΙΙ
1053 2509 1092 2537 49
1110 2507 1281 2548 punietur
1294 2507 1341 2543 Μ,
1362 2507 1561 2547 puniuntur
1581 2506 1603 2537 L
1644 2506 1657 2546 ΙΙ
1699 2508 1734 2536 2⁴
1760 2506 1793 2537 id

359 2561 423 2583 om.
446 2551 522 2592 Di9.
565 2551 578 2591 ΙΙ
619 2554 659 2582 22
687 2553 769 2592 quia
790 2551 881 2591 Di9.,
903 2560 967 2582 om.
989 2553 1117 2583 codices
1156 2553 1169 2593 ΙΙ
1210 2554 1250 2583 24
1272 2561 1313 2583 ex
1332 2551 1412 2592 hoc]
1433 2561 1474 2583 eo
1496 2552 1572 2593 Βία.
1615 2551 1629 2591 11
1669 2553 1711 2583 26
1731 2551 1796 2583 dc-

359 2597 503 2637 figerent
523 2598 618 2634 dett„
638 2596 839 2629 defecerent
860 2597 906 2633 M,
929 2596 1111 2629 deficerint
1130 2599 1153 2629 L
1194 2598 1207 2638 11
1248 2597 1443 2637 obligarent
1461 2598 1507 2634 M,
1528 2596 1717 2637 obligarint
1736 2597 1761 2628 L
1785 2595 1797 2637 ΙΙ

360 2644 400 2673 28
429 2643 668 2674 immolauerit
687 2644 815 2674 codices
854 2642 867 2682 ΙΙ
910 2643 1087 2674 litauerint
1110 2644 1156 2679 M,
1185 2644 1349 2675 letauerit
1368 2643 1392 2674 L
1433 2643 1446 2683 ΙΙ
1487 2645 1528 2674 32
1555 2645 1752 2675 exurantur
1771 2643 1795 2674 L

1812 755 1850 782 40

1816 1326 1854 1354 ΞΟ

1817 1612 1856 1640 25

1819 1898 1858 1926 30
