1966 3081
670 177 777 183 -—-
845 155 892 194 13
952 177 1065 183 -—-
1412 156 1578 196 le.7.8

153 280 422 333 impenderit,
459 280 636 320 diuortio
668 279 770 318 tacto
801 292 848 318 eo
870 281 1035 318 nomine
1059 292 1207 318 cauere
1230 279 1305 318 sibi
1330 281 1427 318 solet
1449 282 1580 331 stipu-

152 339 302 377 latione
324 336 562 377 tribunicia.

104 394 124 431 Ιι
265 395 309 434 In
350 400 551 446 potestate
593 399 813 445 parentum
851 400 949 432 sunt
984 393 1105 431 etiam
1143 393 1184 430 hi
1222 391 1359 438 liberi,
1405 406 1578 444 quorum

151 464 272 491 causa
304 451 475 503 probata
507 456 589 493 est,
626 462 701 502 per
732 462 912 488 errorem
945 456 1151 488 contracto
1184 450 1443 488 matrimonio
1472 451 1581 488 inter

153 508 330 560 disparis
359 506 609 546 condicionis
638 518 859 558 personas:
896 519 991 545 nam
1021 518 1095 545 seu
1118 506 1221 545 ciuis
1243 506 1449 545 Romanus
1472 508 1580 545 Lati-

151 578 244 604 nam
273 571 344 604 aut
372 565 634 616 peregrinam
666 564 733 603 uel
765 576 852 602 eam
885 576 991 615 quae
1013 562 1302 603 dediticiorum
1327 576 1496 602 numero
1519 571 1581 603 est

130 622 266 674 *quasi
286 622 411 660 ciuem
432 622 650 660 Romanam
682 633 756 672 per
781 621 1051 671 ignorantiam
1073 633 1244 659 uxorem
1269 619 1457 668 duxerit,
1493 621 1580 659 siue

151 679 254 718 ciuis
276 679 454 717 Romana
484 690 558 730 per
587 690 770 716 errorem
801 678 1022 729 peregrino
1045 677 1113 716 uel
1135 677 1172 716 ei
1196 678 1267 728 qui
1291 677 1579 716 dediticiorum

150 747 322 774 numero
354 741 416 774 est
445 737 566 788 quasi
584 736 667 774 σέτω·
685 736 858 773 Romano
879 741 950 773 aut
971 735 1093 773 etiam
1116 734 1235 785 quasi
1262 735 1398 774 Latino
1420 747 1471 773 ex
1493 734 1581 785 lege

149 791 261 831 Aelia
286 792 418 831 Sentia
442 798 570 843 nupta
594 792 736 837 fuerit,
774 804 893 831 causa
924 791 1097 842 probata
1127 792 1274 830 ciuitas
1297 792 1477 830 Romana
1507 790 1582 829 da-

150 855 217 888 tur
238 855 317 887 tam
341 848 487 888 liberis
509 861 631 900 quam
654 848 899 900 parentibus
921 854 1086 900 praeter
1108 861 1175 888 eos
1198 849 1269 900 qui
1292 847 1580 887 dediticiorum

150 918 322 945 numero
344 914 454 956 sunt¹7
481 913 519 945 et
541 919 593 945 ex
615 918 660 945 eo
684 906 785 945 fiunt
810 906 849 944 in
873 912 1075 957 potestate
1098 911 1318 957 parentum
1342 904 1478 943 liberi.

611 1076 693 1128 [vm
751 1089 798 1114 ns
830 1075 1120 1127 Anorriomssvs]

104 1167 118 1204 4
264 1167 350 1206 Non
375 1172 535 1206 tantum
558 1167 770 1205 naturales
792 1165 914 1204 liberi
937 1167 979 1204 in
1000 1172 1201 1218 potestate
1225 1172 1444 1218 parentum
1467 1173 1577 1216 sunt,

102 1224 124 1262 2
151 1224 225 1264 sed
256 1224 377 1263 etiam
408 1223 604 1275 adoptiui.
669 1222 844 1275 Adoptio
887 1223 929 1261 fit
969 1229 1038 1262 aut
1068 1236 1143 1274 per
1175 1223 1373 1274 populum
1405 1230 1475 1262 aut
1507 1237 1582 1275 per

150 1287 378 1334 praetorem
402 1281 470 1320 uel
491 1279 728 1332 praesidem
752 1281 1006 1332 prouinciae.
1061 1280 1129 1319 illa
1151 1279 1341 1332 adoptio⁷
1377 1292 1483 1332 quae
1508 1293 1583 1332 per

102 1338 124 1377 3
150 1338 350 1390 populum
372 1337 438 1384 fit,
472 1337 708 1389 specialiter
737 1337 947 1389 adrogatio
969 1336 1137 1376 dicitur.
1191 1338 1268 1376 Per
1288 1338 1487 1389 populum
1511 1339 1581 1389 qui

150 1396 214 1435 sui
236 1396 340 1435 iuris
361 1401 456 1433 sunt
478 1393 747 1445 adrogantur:
785 1407 861 1446 per
892 1400 1124 1446 praetorem
1146 1401 1285 1434 autem
1308 1394 1381 1433 filii
1403 1394 1581 1433 familiae.

102 1452 122 1490 t
150 1465 172 1492 a
202 1451 445 1505 parentibus
476 1451 630 1491 dantur
656 1452 697 1490 in
721 1451 996 1503 adoptionem.
1049 1451 1269 1503 Adrogatio
1291 1452 1440 1490 Romae
1463 1451 1582 1490 dum-

150 1515 270 1549 taxat
299 1509 364 1558 fit,
401 1508 564 1560 adoptio
594 1515 730 1547 autem
763 1510 885 1547 etiam
907 1509 947 1547 in
972 1509 1197 1560 prouinciis
1219 1507 1329 1558 apud
1351 1508 1577 1560 praesides.

103 1565 124 1602 5
151 1568 225 1605 Per
256 1572 488 1617 praetorem
518 1565 583 1604 uel
613 1565 843 1617 praesidem
875 1566 1114 1617 prouinciae
1144 1565 1329 1617 adoptari
1360 1572 1442 1604 tam
1472 1578 1583 1605 mas-

152 1623 233 1662 culi
262 1635 387 1674 quam
418 1621 618 1671 feminae,
661 1630 699 1661 et
731 1629 813 1661 tam
846 1622 1026 1674 puberes
1058 1635 1182 1673 quam
1216 1621 1456 1674 impuberes
1487 1636 1583 1674 pos-

151 1686 247 1719 sunt
266 1695 271 1718 :
307 1692 383 1731 per
404 1679 603 1731 populum
626 1692 725 1718 uero
746 1680 975 1718 Romanum
998 1679 1175 1718 feminae
1200 1692 1281 1718 non
1303 1678 1577 1731 adrogantur:

151 1737 297 1790 pupilli
335 1741 455 1775 antea
492 1735 663 1787 quidem
700 1749 781 1775 non
819 1743 1007 1787 poterant
1043 1736 1252 1788 adrogari,
1294 1749 1406 1775 nunc
1443 1743 1582 1775 autem

101 1797 123 1833 6
149 1800 322 1845 possunt
345 1806 397 1832 ex
418 1793 710 1832 constitutione
735 1793 821 1832 diui
843 1792 1054 1832 Antonini.
1108 1794 1156 1831 Hi
1184 1794 1255 1845 qui
1278 1806 1476 1845 generare
1499 1806 1580 1832 non

147 1856 334 1903 possunt,
361 1850 478 1890 uelut
499 1849 641 1902 spado⁷
675 1857 851 1901 utroque
873 1849 992 1889 modo
1016 1858 1187 1902 possunt
1208 1850 1420 1901 adoptare.
1470 1850 1579 1889 idem

100 1909 122 1947 7
150 1908 253 1947 iuris
274 1913 336 1947 est
357 1907 398 1946 in
421 1919 594 1959 persona
618 1907 801 1946 caelibis.
863 1908 964 1947 Item
987 1908 1021 1946 is
1043 1908 1115 1959 qui
1138 1907 1266 1947 filium
1290 1920 1371 1946 non
1394 1907 1518 1946 habet
1541 1909 1582 1946 in

100 1967 122 2004 8
149 1965 282 2004 locum
304 1965 464 2016 nepotis
485 1963 681 2016 adoptare
702 1970 850 2016 potest.
896 1965 936 2003 Si
961 1971 1077 2016 pater
1098 1964 1277 2004 familiae
1298 1964 1581 2016 adrogandum

150 2035 193 2061 se
230 2021 416 2070 dederit,
458 2021 578 2060 liberi
614 2033 778 2073 quoque
817 2022 906 2061 eius
942 2023 1060 2073 quasi
1097 2029 1268 2074 nepotes
1306 2022 1348 2060 in
1379 2028 1581 2073 potestate

83 2081 126 2118 8²
152 2079 256 2118 fiunt
286 2077 551 2129 adrogatoris.
614 2080 806 2117 Feminae
839 2091 936 2117 uero
968 2085 1114 2118 neutro
1146 2078 1264 2118 modo
1296 2086 1470 2130 possunt
1506 2078 1582 2118 ad-

151 2142 308 2187 optare,
334 2136 527 2186 quoniam
551 2148 626 2174 nec
647 2136 858 2175 naturales
881 2135 1034 2175 liberos
1056 2137 1097 2174 in
1121 2142 1321 2187 potestate
1345 2135 1512 2176 habent.

150 2294 247 2302 xxx-»st
266 2293 435 2301 -na„st⁷«*<s1—
446 2294 759 2302 aff—»maeffisflssflsl—s„
771 2295 1315 2302 ῘᾹυινΑκη-Ὺὴχῃκηηχ»«ἡψη-,ῃκ-«χ-,χκμ
1331 2296 1389 2302 22⁷,
1406 2296 1485 2302 ⁷222»
1500 2296 1505 2299 «
1520 2296 1533 2302 2
1552 2296 1567 2302 f

244 2411 254 2439 l
287 2409 398 2441 solent
423 2409 447 2441 C
470 2406 481 2450 Η
507 2411 523 2439 5
544 2409 705 2449 dispares
724 2409 911 2449 condignis
928 2418 1164 2450 personarum
1186 2409 1209 2440 C
1233 2408 1245 2451 Η
1270 2412 1287 2440 6
1312 2419 1498 2440 numerum
1523 2409 1547 2441 C
1570 2407 1581 2450 Η

153 2456 168 2484 7
197 2455 314 2486 ciuem
333 2463 518 2486 romanam
537 2454 717 2494 Boeckinq,
738 2463 801 2485 om.
827 2454 851 2487 C
887 2452 899 2496 Η
939 2457 957 2485 9
985 2464 1174 2486 numerum
1198 2455 1223 2487 C
1259 2453 1271 2495 Η
1311 2456 1410 2495 quasi
1431 2456 1501 2486 ciui
1522 2464 1577 2485 ro-

153 2508 257 2531 mano
276 2500 437 2540 Hollweq,
459 2509 522 2531 om.
548 2500 572 2531 C
605 2498 617 2542 ΙΙ
654 2502 692 2530 40
713 2500 803 2531 aelia
822 2501 947 2541 sentia]
968 2502 1064 2532 ascia
1087 2501 1112 2533 C
1141 2499 1153 2542 ΙΙ
1187 2509 1330 2532 romana
1351 2500 1456 2531 datur
1474 2501 1579 2531 Boeo-

152 2544 243 2585 tarny,
271 2545 442 2577 reddatur
463 2545 488 2577 C
533 2543 545 2587 ΙΙ
594 2548 632 2576 42
660 2554 850 2577 numerum
872 2545 896 2577 C
941 2544 953 2588 ΙΙ
1001 2548 1040 2577 49
1068 2547 1257 2587 adoptione
1284 2546 1308 2577 C
1345 2544 1357 2586 Η
1397 2546 1579 2576 dumtaxat

154 2590 359 2628 Lachmann,
387 2591 469 2622 data
491 2590 516 2622 G
533 2590 590 2630 (cf.
609 2594 665 2627 22,
685 2592 742 2629 52)
783 2589 794 2633 ΙΙ
835 2593 874 2622 20
894 2592 1080 2633 prouincia
1104 2591 1128 2623 C
1164 2589 1176 2633 ΙΙ
1217 2594 1256 2621 23
1278 2590 1428 2622 feminae
1454 2590 1507 2629 Ca,
1528 2590 1579 2622 fe-

154 2635 270 2667 minae
294 2636 439 2676 quidem
462 2634 505 2669 Cb
530 2638 666 2675 (manus
683 2637 864 2674 secundm)
907 2635 920 2678 ΙΙ
958 2639 1125 2678 arrogant
1144 2637 1168 2669 C
1212 2634 1224 2678 ΙΙ
1271 2638 1310 2666 24
1338 2638 1438 2667 antea
1463 2636 1576 2671 Τι’]ιάε,

153 2683 270 2711 autem
292 2681 316 2713 C
360 2680 372 2722 {l
420 2684 460 2713 26
479 2682 586 2713 modo
604 2683 721 2722 potest
742 2682 766 2714 C

1607 514 1622 542 <a

1610 797 1647 825 lO

1610 1229 1648 1258 45

1608 1515 1624 1543 Ξ
1633 1514 1648 1541 0

1608 1800 1648 1828 25

1606 2084 1645 2112 30
