1966 3081
858 169 965 174 W..
1031 150 1243 184 xl&

335 278 446 310 certa
480 272 710 311 coniectura
743 272 910 323 explere
943 272 1062 311 nobis
1091 284 1172 311 non
1195 272 1386 323 contigit⁷
1420 271 1595 323 singulis
1618 272 1768 311 litteris

336 342 442 380 quae
474 331 691 380 perierunt
719 329 904 368 stellulas
934 328 1250 379 substituimus,
1293 329 1470 368 maiores
1499 328 1657 378 hiatus,
1698 329 1769 379 qui

336 392 431 437 quot
458 386 606 425 litteris
630 386 893 425 constiterint.
915 393 1025 426 certo
1049 387 1172 425 statui
1195 398 1275 424 non
1298 393 1451 437 potest,
1485 386 1607 424 lineis

336 444 633 494 expressimus.
680 450 819 481 contra
843 443 934 481 aliis
956 443 1154 493 stellulis,
1192 455 1297 494 quae
1320 456 1443 494 supra
1470 443 1620 481 lineam
1644 454 1767 493 quam

337 499 481 539 dicunt
505 501 694 539 collocata
717 506 827 549 sunt.v
855 512 924 539 eas
947 500 1058 539 Pauli
1081 501 1310 539 sententias
1332 512 1438 551 quae
1462 501 1503 538 in
1522 501 1670 551 Legem
1688 499 1768 537 Ro-

336 569 496 595 manam
529 557 851 607 wisigothorum
885 564 1074 608 receptae
1104 570 1184 596 non
1215 564 1332 607 sunt,
1370 564 1409 596 et
1440 570 1485 596 ea
1515 556 1677 608 leiani
1701 568 1768 594 re-

337 614 527 665 gularum
548 613 787 665 fragmenta,
816 626 921 665 quae
945 615 985 652 in
1011 615 1188 665 epitoma
1206 614 1397 653 Vaticana
1416 626 1498 653 non
1522 620 1675 663 extant,
1705 614 1770 652 in-

334 672 547 721 clusimus,
573 671 686 710 uelut
712 672 752 709 in
775 671 926 722 pagina
950 672 1000 709 46
1023 683 1172 710 uersus
1194 670 1216 708 5
1236 683 1328 722 sqq.

452 728 493 767 ln
527 727 790 767 adnotatione
823 728 960 767 critica
991 727 1152 766 codices
1174 727 1226 766 ad
1248 734 1408 767 textum
1431 726 1769 767 constituendum

335 784 512 823 adhibiti
546 785 722 835 singulis
755 785 904 823 litteris
935 785 1142 823 inclinatis
1172 792 1213 823 et
1243 791 1335 836 post
1365 783 1550 824 codicum
1573 784 1771 823 lectiones

336 842 538 880 collocatis
562 841 730 880 indicati
754 848 872 880 sunt:
907 854 1014 892 quae
1036 840 1138 892 quid
1162 842 1202 880 in
1226 853 1391 892 quoque
1413 842 1616 893 scriptore
1638 842 1771 893 signi-

337 900 479 948 ficent,
517 899 556 937 in
588 897 918 950 praefationibus
948 899 1177 949 unicuique
1207 899 1403 950 opusculo
1433 898 1674 950 praemissis
1696 911 1770 937 ex-

336 956 531 1006 plicatum
555 962 630 995 est.
685 961 869 994 ceterum
893 962 986 994 nota
1014 955 1061 1004 C,
1097 956 1130 994 si
1162 955 1272 1006 quod
1298 967 1401 1007 opus
1422 967 1504 994 uno
1527 954 1665 995 codice
1687 955 1770 994 solo

338 1012 533 1052 traditum
557 1019 638 1063 est,
665 1011 715 1051 ad
741 1012 850 1051 hunc
873 1011 1194 1064 significandum
1215 1013 1281 1051 usi
1303 1025 1468 1062 sumus,
1495 1012 1613 1052 uelut
1636 1013 1678 1051 in
1698 1012 1771 1050 Vl-

336 1070 447 1121 piani
471 1070 627 1121 regulis
649 1076 689 1108 et
712 1070 752 1108 in
777 1068 1020 1121 fragmentis
1042 1069 1092 1108 de
1111 1070 1200 1108 iure
1225 1070 1327 1108 fisci.
1366 1069 1562 1109 litterulis
1583 1073 1600 1091 ³
1619 1065 1636 1091 b
1657 1068 1772 1108 codi-

336 1139 427 1166 cum
460 1128 566 1166 notis
597 1127 835 1178 postpositis
857 1125 1177 1178 distinguuntur
1198 1126 1352 1166 codicis
1374 1128 1604 1178 scripturae
1625 1127 1773 1178 primi-

336 1185 421 1222 tiua
450 1184 504 1235 (u.
526 1196 565 1235 g.
589 1184 645 1235 Ca)
675 1190 715 1222 et
736 1183 956 1222 emendata
985 1180 1087 1235 (Cb).
1136 1184 1299 1223 silentio
1320 1184 1680 1235 praetermisimus
1703 1195 1772 1222 eas

336 1240 523 1280 codicum
541 1241 752 1289 lectiones,
781 1253 887 1292 quae
908 1240 976 1280 uel
1002 1241 1042 1279 in
1060 1241 1384 1293 orthographicis
1402 1241 1468 1280 uel
1488 1241 1527 1280 in
1545 1240 1770 1280 uerborum

336 1297 543 1337 diuisione
575 1310 597 1337 a
626 1304 765 1336 nostro
797 1303 993 1337 contextu
1023 1297 1248 1337 recedunt:
1285 1310 1331 1337 ac
1352 1310 1404 1337 ne
1428 1299 1471 1337 in
1493 1297 1773 1350 discrepanti-

339 1355 416 1394 bus
446 1354 616 1406 quidem
648 1354 897 1394 lectionibus
919 1354 1210 1394 exscribendis
1233 1367 1322 1394 eam
1345 1355 1570 1394 uerborum
1593 1354 1771 1394 diuisio-

336 1424 431 1450 nem
458 1424 564 1463 quae
595 1411 780 1451 librariis
809 1412 964 1463 placuit
993 1418 1153 1451 mutare
1187 1411 1493 1461 dubstauimus,
1529 1411 1662 1452 sicubi
1695 1411 1771 1450 hoc

335 1468 454 1507 modo
478 1468 642 1509 facilius
664 1468 940 1507 demonstrari
963 1481 1083 1520 posse
1106 1468 1345 1519 uidebatur,
1372 1469 1527 1520 quibus
1544 1468 1686 1508 uerbis
1704 1468 1771 1508 uel

336 1526 486 1565 litteris
507 1525 789 1578 discrepantia
814 1525 1064 1565 efficeretur.

450 1584 665 1623 Praeterea
688 1583 839 1634 passim
864 1583 928 1621 his
951 1583 1182 1634 scripturae
1206 1582 1464 1634 compendiis
1486 1584 1550 1622 usi
1572 1595 1736 1623 sumus:

477 1685 555 1717 Cod.
577 1698 617 1712 =
637 1685 757 1717 Codex
775 1686 992 1717 Iustinianus

476 1731 558 1762 soll.
579 1744 619 1757 =
639 1731 787 1762 Collatio
814 1731 932 1771 legum
957 1731 1199 1763 Mosaicarum
1225 1733 1258 1763 et
1283 1731 1536 1763 Romanarum.
1591 1730 1695 1763 Coum
1720 1733 1773 1762 est

641 1776 802 1808 eiusdem
827 1776 939 1808 codex
957 1776 1212 1815 Berolinensis,
1241 1776 1326 1808 olim
1346 1777 1494 1815 Pithoei,
1527 1777 1639 1810 Coll.W
1659 1776 1770 1808 codex

643 1821 944 1860 vindobonensis,
970 1821 1073 1854 Coll.v
1092 1822 1204 1853 codex
1223 1822 1460 1855 vercellensis

476 1866 573 1897 Cons.
596 1880 635 1894 =
656 1867 875 1899 Consultatio
893 1868 1026 1899 ueteris
1044 1867 1275 1899 iureconsulti

477 1912 551 1953 [πρ.
573 1926 614 1939 =
633 1913 774 1953 Digesta
793 1914 977 1945 Iustiniani

475 1958 500 1988 F
516 1970 556 1984 =
575 1958 798 1998 Digestorum
818 1958 931 1990 codex
949 1958 1171 1990 Florentinus

477 2003 551 2035 Gai.
573 2017 613 2030 =
635 2005 696 2035 Gai
717 2005 959 2036 Institutiones

476 2049 571 2080 Paul.
593 2063 633 2076 =
654 2050 751 2081 Pauli
770 2051 965 2081 sententiae

478 2095 548 2126 l'at.
571 2107 611 2122 =
630 2096 799 2127 Vaticana
819 2095 1013 2136 fragmenta

478 2140 547 2179 ΠΡ.
569 2154 609 2167 =
630 2141 770 2182 Ylpiani
789 2141 880 2173 liber
898 2141 1089 2182 singularis
1107 2141 1310 2182 regularum

448 2231 492 2269 ln
524 2231 598 2270 hoc
629 2238 736 2270 tomo
760 2231 1015 2284 perficiendo
1038 2231 1402 2284 diligentissimam
1426 2245 1565 2283 opem,
1600 2239 1646 2272 ut
1667 2233 1769 2272 solet

334 2288 492 2337 amicis,
519 2289 618 2326 mihi
644 2289 736 2327 tulit
759 2289 990 2328 Guilelmus
1011 2289 1292 2329 Studemund.

446 2378 679 2430 Regimonti
704 2378 771 2418 die
793 2392 819 2418 x
842 2393 896 2418 m.
924 2380 1013 2419 Iulii
1042 2380 1148 2418 '1878

1292 2479 1464 2523 Paulus
1495 2479 1710 2532 Krueger
