1942 3081
703 95 816 102 ——-
876 73 923 112 91
988 95 1100 101 ———
1398 73 1617 111 1¹au1.111,6

110 202 159 238 60
187 210 402 239 seruorum
426 199 558 248 legato
581 197 750 237 cedunt.
803 196 1023 236 Monilibus
1044 197 1190 248 legatis
1210 209 1358 236 aurum
1382 198 1446 236 uel
1469 210 1620 247 argen-

187 263 272 296 tum
295 268 376 294 non
400 254 591 305 debetur,
616 255 696 293 nisi
713 253 766 293 de
786 255 850 292 his
868 266 1034 304 quoque
1051 252 1269 292 manifeste
1291 254 1468 292 sensisse
1492 261 1620 292 testa-

110 314 152 351 61
187 319 316 352 torem
337 313 466 364 possit
487 310 664 350 ostendi.
713 311 991 349 Instrumento
1013 310 1212 360 cauponio
1234 310 1367 361 legato
1390 323 1436 348 ea
1459 309 1620 348 deben-

186 376 276 420 tur,
311 381 414 421 quae
440 368 638 419 cauponis
661 367 753 406 usui
784 373 926 418 parata
947 373 1069 417 sunt,
1104 366 1222 405 uelut
1241 378 1366 416 uasa,
1403 367 1443 405 in
1466 366 1620 417 quibus

184 427 332 466 uinum
350 424 614 465 defunditur:
637 424 793 463 escaria
810 435 976 475 quoquc
994 429 1034 462 et
1051 423 1266 474 pocularia
1277 435 1376 462 uasa
1393 422 1615 462 debentur.

110 484 159 522 62
187 495 286 522 sane
308 483 487 521 ministri
512 493 654 520 earum
685 493 824 520 rerum
847 480 980 531 legato
1002 492 1083 518 non
1109 479 1279 518 cedunt.
1343 480 1621 518 Instrumento

162 539 339 579 rmedici
360 540 493 591 legato
525 538 690 590 collyria
720 544 760 577 et
792 538 1014 589 emplastra
1044 543 1084 576 et
1104 543 1329 588 apparatus
1361 536 1494 575 omnis
1525 549 1623 574 con—

187 595 460 635 ficiendorum
481 594 895 645 medicamentorum,
922 595 1106 646 itemque
1127 594 1378 632 ferramenta
1402 594 1531 644 legato
1554 606 1623 631 ce-

110 655 158 692 63
187 652 307 693 dunt.
370 653 650 692 Instrumento
680 652 852 704 pictoris
883 652 1014 702 legato
1045 651 1202 690 colores
1222 650 1407 702 penicilli
1441 651 1623 689 cauteria

110 712 159 749 (322
187 716 227 749 et
259 709 625 761 temperandorum
657 709 836 749 colorum
869 721 968 748 uasa
1004 707 1289 747 debebuntur.
1354 707 1520 746 Pistoris
1557 707 1622 745 in-

186 772 417 806 strumento
447 767 579 817 legato
611 765 748 805 cribra
779 766 885 805 asini
918 765 1047 804 molae
1080 771 1119 803 et
1150 765 1264 804 serui
1295 765 1365 815 qui
1397 765 1621 816 pistrinum

187 830 404 874 exercent,
433 824 531 862 item
553 823 790 873 machinae,
817 821 971 874 quibus
1001 822 1156 861 farinae
1179 821 1454 873 subiguntur,
1491 821 1623 872 legato

110 882 160 920 65
187 879 356 920 cedunt.
426 881 705 920 Instruinento
743 879 996 919 balneatorio
1027 879 1159 930 legato
1196 878 1410 918 balneator
1456 878 1545 929 ipse
1583 884 1623 917 et

188 950 355 977 scamna
381 944 422 977 et
443 937 682 990 hypopodia,
710 937 892 986 fistulae,
919 936 1112 986 miliaria,
1138 935 1334 987 epitonia,
1360 941 1472 974 rotae
1493 947 1624 986 aqua—

189 995 296 1046 riae,
321 995 504 1034 iumenta
528 1006 691 1045 quoque
715 993 869 1045 quibus
891 993 1000 1045 ligna
1022 992 1273 1032 deferuntur
1295 993 1426 1043 legato
1448 991 1619 1031 cedunt.

111 1054 161 1090 66
189 1053 469 1091 Instrumento
492 1051 707 1103 piscatoris
737 1051 870 1102 legato
893 1056 933 1089 et
954 1051 1057 1089 retia
1079 1055 1119 1089 et
1141 1061 1286 1088 nassae
1308 1056 1349 1088 et
1375 1049 1560 1088 fuscinae
1584 1054 1624 1087 et

189 1108 427 1159 nauiculae,
461 1108 571 1147 hami
601 1119 766 1159 quoque
793 1113 834 1146 et
855 1113 993 1146 cetera
1016 1106 1219 1145 eiusmodi
1247 1105 1394 1145 usibus
1415 1105 1623 1145 destinata

111 1166 162 1205 67
189 1165 410 1205 debentur.
453 1165 721 1216 Supellectile
753 1164 887 1215 legata
909 1175 1055 1215 capsae
1077 1163 1274 1213 armaria,
1302 1163 1386 1202 nisi
1411 1163 1542 1201 solum
1573 1162 1624 1200 li-

188 1222 359 1261 brorum
381 1229 451 1261 aut
470 1222 600 1261 uestis
620 1220 837 1273 ponendae
862 1221 990 1272 gratia
1011 1226 1180 1272 paratae
1201 1221 1308 1271 sint,
1336 1219 1620 1269 debebuntur,

189 1278 320 1319 sedet
334 1278 498 1318 buoeina
516 1285 556 1318 et
573 1278 798 1318 cristallina
816 1284 856 1317 et
872 1283 1066 1329 argentea
1084 1283 1124 1316 et
1140 1277 1274 1317 nitrea
1290 1289 1389 1316 uasa
1404 1283 1487 1316 tam
1510 1288 1625 1316 esca-
1652 1288 1661 1297 ”

113 1339 162 1376 68
190 1337 250 1375 ria
279 1348 403 1387 quam
431 1336 664 1388 pocularia,
700 1341 741 1374 et
769 1335 902 1374 uestis
923 1335 1111 1373 stratoria
1132 1334 1267 1386 legato
1289 1333 1459 1373 cedunt.
1507 1333 1627 1372 Villis

112 1396 162 1433 69
189 1394 257 1433 uel
286 1394 397 1445 agris
428 1393 653 1445 separatim
684 1392 830 1444 legatis
859 1392 1036 1431 alterum
1059 1392 1179 1430 alteri
1210 1390 1335 1430 cedit.
1399 1391 1542 1430 Seruis
1573 1403 1625 1429 no

188 1462 287 1490 LEGo
318 1450 462 1502 legatis
493 1450 665 1489 ancillae
686 1461 849 1500 quoque
872 1448 1162 1488 debebantur:
1197 1460 1279 1486 non
1301 1448 1400 1487 item
1429 1448 1540 1487 serui
1563 1447 1626 1485 le-

190 1507 295 1559 gatis
311 1507 493 1546 ancillis:
530 1506 602 1546 sed
621 1506 863 1546 ancillarum
886 1505 1164 1557 appellatione
1185 1511 1268 1544 tam
1290 1505 1478 1555 uirgines
1500 1516 1624 1556 quam

190 1577 408 1604 seruorum
439 1565 560 1615 pueri
591 1564 878 1603 continentur:
914 1563 980 1601 his
1009 1562 1166 1601 scilicet
1188 1562 1385 1613 exceptis,
1421 1562 1493 1613 qui
1516 1560 1626 1600 fidu-

113 1623 163 1660 70
191 1622 276 1661 ciae
305 1620 393 1660 dati
421 1627 532 1660 sunt.
586 1622 731 1660 Seruis
761 1618 1090 1659 amanuensibus
1118 1619 1264 1671 legatis
1293 1631 1438 1657 omnes
1469 1619 1541 1670 qui
1574 1630 1624 1656 ex

191 1678 507 1717 conuersatione
536 1677 697 1717 urbana
729 1683 768 1716 et
799 1677 841 1715 in
874 1677 1102 1715 ministerio
1143 1675 1299 1716 fuerint
1337 1675 1621 1725 debebuntur,

192 1736 273 1774 nisi
295 1748 347 1774 ex
377 1735 442 1773 his
465 1735 594 1786 aliqui
627 1740 828 1786 perpetuo
859 1733 912 1772 ad
934 1745 1038 1784 opus
1067 1734 1269 1772 rusticum
1299 1733 1622 1771 transferantur.

115 1794 158 1831 74
191 1793 417 1831 venatores
437 1793 551 1831 serui
582 1792 650 1831 uel
673 1803 857 1842 aucupes
878 1803 929 1829 an
952 1791 1061 1829 inter
1089 1790 1251 1829 urbana
1273 1790 1505 1829 ministeria
1527 1802 1628 1828 con—

514 1925 1345 1935 κκἌΝκ.κ.κκκκκκκκκκκκκκκκωκκκκκκκχκκκ
1355 1924 1523 1933 »κκκκκκκ
1529 1925 1569 1933 mx
1577 1926 1590 1932 ι
1623 1926 1628 1929 =

286 2011 297 2038 4
331 2007 526 2040 monilibus
544 2008 638 2045 dett„
659 2006 856 2039 monilibus
874 2007 921 2044 M,
943 2005 1138 2038 mobilibus
1156 2006 1181 2037 L
1222 2005 1235 2046 {l
1276 2007 1291 2036 4
1312 2015 1403 2046 quae
1421 2007 1516 2044 dett.,
1537 2015 1629 2046 quae

195 2055 228 2085 in
248 2054 311 2085 ML
366 2053 380 2094 ΙΙ
435 2057 453 2084 5
478 2053 664 2094 pocularia
686 2052 858 2089 Cuiacius,
878 2053 1007 2093 pocula
1026 2053 1062 2089 L,
1084 2051 1211 2093 pecula
1230 2052 1277 2089 Μ,
1297 2052 1427 2093 pocula
1446 2053 1480 2082 et
1496 2052 1575 2083 dett.
1617 2049 1632 2093 {l

195 2102 212 2130 9
239 2099 393 2141 pensulli
412 2099 459 2136 M,
479 2098 653 2140 pinecelle
671 2098 696 2129 L
748 2098 761 2138 ΙΙ
819 2099 857 2129 44
886 2098 1042 2139 hypodia
1060 2099 1189 2129 codices
1239 2097 1253 2138 ΙΙ
1305 2098 1461 2138 epitonia
1480 2097 1525 2135 M,
1547 2099 1628 2137 yto-

196 2146 265 2177 mia
284 2145 309 2176 L
364 2145 378 2184 ss
436 2147 472 2175 17
501 2143 668 2175 nauicula
689 2144 751 2174 ML
806 2144 820 2182 ll
878 2146 916 2175 48
944 2152 1073 2185 capsae
1098 2145 1132 2174 et
1148 2152 1237 2174 arm.
1260 2142 1436 2183 Schultmy
1489 2143 1503 2183 11
1559 2143 1627 2173 nisi

196 2190 361 2228 Huschke,
382 2199 453 2221 non
473 2190 614 2226 codt'ces,
636 2189 678 2229 cf.
700 2189 778 2229 Diq.
799 2191 854 2226 33,
875 2192 928 2227 40,
951 2191 981 2227 3,
1003 2191 1021 2219 2
1062 2189 1075 2228 11
1118 2191 1157 2219 49
1183 2190 1302 2220 uestes
1319 2189 1356 2225 L,
1377 2189 1530 2220 uestium
1551 2189 1587 2219 M
1618 2186 1621 2229 Ι

197 2239 236 2266 :20
264 2236 398 2267 buxina
417 2235 667 2275 Bynkershoek‚
695 2234 842 2275 byssina
868 2235 997 2266 codices
1059 2235 1072 2274 ΙΙ
1137 2236 1172 2264 24
1203 2235 1315 2266 uestis
1341 2235 1388 2271 M,
1415 2236 1534 2265 uestes
1552 2234 1577 2264 L
1617 2231 1621 2274 Ι

195 2283 235 2313 24
263 2281 324 2313 sed
344 2282 382 2319 L,
403 2284 437 2313 ets
454 2281 491 2312 M
528 2280 542 2320 11
582 2280 645 2312 sed
662 2283 731 2311 tam
750 2280 962 2311 ancillarum
981 2280 1216 2321 appellatione
1233 2289 1300 2311 scr.
1316 2291 1325 2310 .·
1353 2280 1438 2310 male
1457 2280 1629 2317 Interpres

195 2329 397 2359 sententiam
429 2328 477 2358 sic
509 2326 693 2365 eoeplicuit:
729 2325 941 2357 ancillarum
966 2328 1085 2357 autem
1110 2325 1347 2366 appellatione
1372 2327 1445 2356 tam
1470 2325 1628 2364 uirgines

196 2382 303 2414 quam
321 2372 476 2413 puberes
491 2371 549 2403 uel
568 2370 773 2412 impuberes
790 2371 1020 2412 accipiendae
1039 2372 1121 2403 sunt
1167 2371 1181 2411 11
1229 2373 1269 2402 25
1296 2373 1357 2411 qui
1377 2371 1423 2407 M,
1444 2379 1534 2410 quae
1552 2370 1576 2400 L
1617 2366 1631 2409 ΙΙ

195 2421 238 2449 26
264 2418 367 2449 datae
387 2418 472 2449 ML:
491 2418 638 2457 fortasse
655 2416 725 2447 dati
745 2416 893 2448 dataeue
911 2425 979 2449 scr.
1021 2416 1034 2456 ΙΙ
1070 2420 1149 2456 post
1166 2415 1447 2448 amanuensibus
1470 2415 1624 2453 (adinan.

196 2464 335 2503 codices)
364 2464 576 2495 intercidisse
599 2463 737 2494 uidetur
761 2463 908 2503 definitio
933 2464 1206 2499 amanuensium,
1234 2470 1337 2501 quam
1361 2462 1444 2492 talia
1467 2460 1540 2499 fere
1564 2468 1628 2490 esc-

197 2511 366 2548 ceperint:
392 2509 603 2540 ministeriis
619 2517 706 2539 uero
724 2507 873 2538 urbanis
891 2507 1016 2548 legatis
1034 2517 1104 2539 non
1123 2509 1154 2539 ei
1171 2510 1308 2539 tantum
1327 2507 1422 2537 serui
1448 2506 1508 2546 qui
1535 2507 1628 2536 intra

195 2554 322 2586 urbem
348 2555 656 2590 ministrauerunt,
683 2553 745 2584 sed
771 2554 875 2585 etiam
901 2555 930 2585 si
956 2554 1016 2594 qui
1035 2556 1132 2585 extra
1149 2552 1275 2584 urbem
1294 2561 1336 2583 ex
1355 2551 1633 2582 conuersatione

196 2599 334 2631 urbana
353 2601 387 2631 in
406 2601 604 2639 ministerio
621 2598 753 2630 fuerint

1650 714 1691 742 io

1650 998 1690 1027 ⁴5

1649 1568 1695 1597 25
