1942 3081
709 167 822 173 -—
883 146 959 183 117
1022 169 1132 174 ---
1383 148 1478 179 Paul.
1499 149 1539 187 V,
1562 150 1591 180 6.
1615 151 1629 179 7

205 268 354 319 debet,
399 274 440 308 et
480 269 544 307 his
581 267 767 317 uicibus,
815 268 966 319 quibus
1007 283 1027 307 a
1058 270 1233 320 singulis
1265 269 1360 310 duci
1400 274 1629 322 consueuit,

205 326 366 366 ducenti
389 325 451 365 uis
472 326 559 364 fieri
583 324 851 377 prohibetur:
887 325 1063 364 alienam
1085 332 1221 365 autem
1244 339 1391 378 aquam
1416 332 1632 381 usurpanti

205 384 439 423 nummaria
458 394 589 435 poena
611 384 839 433 inrogatur.
902 383 1020 421 cuius
1041 383 1099 421 rei
1122 395 1220 422 cura
1241 383 1293 423 ad
1314 384 1632 425 sollicitudinem

127 442 177 480 -10
206 439 412 492 praesidis
441 444 613 491 spectat.
678 437 882 478 Redditur
911 439 1121 478 interdicti
1144 440 1270 490 actio,
1308 453 1414 492 quae
1436 445 1634 493 proponi-

205 504 274 537 tur
297 510 348 536 ex
368 509 440 547 eo,
474 502 520 535 ut
542 496 636 547 quis
667 495 778 547 quod
799 496 1034 547 precarium
1065 495 1189 536 habet
1211 498 1414 536 restituat.
1478 511 1572 537 nam
1596 507 1634 538 et
1661 509 1678 537 5

206 554 341 593 ciuilis
362 553 466 592 actio
489 552 613 592 huius
636 553 696 591 rei
728 553 835 593 sicut
857 552 1100 592 commodati
1131 555 1348 605 competit:
1384 567 1429 593 co
1451 555 1518 594 uel
1548 568 1635 594 ma-

205 612 339 661 xime,
375 609 487 662 quod
509 622 561 649 ex
582 609 783 648 beneficio
806 622 879 649 suo
900 611 1194 662 unusquisque
1217 611 1412 650 iniuriam
1435 613 1521 663 pati
1553 625 1633 651 non

99 692 104 697 -
126 669 171 707 -11
206 667 346 707 dehet.
411 668 596 706 Precario
619 666 832 718 possidere
864 666 1035 706 uidetur
1056 679 1138 706 non
1161 673 1320 707 tantum
1354 669 1426 720 qui
1447 681 1523 720 per
1546 670 1636 721 epi—

204 725 355 764 stulam
384 724 454 763 uel
481 723 669 775 qualibet
689 725 768 763 alia
792 724 948 763 ratione
981 725 1054 763 hoc
1076 723 1155 764 sibi
1189 724 1360 765 concedi
1391 726 1631 777 postulauit,

205 781 278 820 sed
301 787 343 820 et
363 782 397 820 is
420 782 492 832 qui
520 781 633 819 nullo
656 776 882 820 uoluntatis
905 780 1077 832 indicio,
1103 782 1289 833 patiente
1309 788 1448 821 tamen
1470 782 1635 822 domino

127 840 179 878 -12
203 837 405 890 pnssidet.
468 839 596 877 Heres
618 839 729 887 eius,
764 838 836 889 qui
865 839 1094 890 precariam
1126 839 1427 890 possessionem
1449 839 1631 890 tenebat,

205 896 238 934 si
261 896 304 934 in
327 907 374 934 ea
396 896 608 945 manserit,
637 895 766 946 magis
788 894 1012 934 dicendum
1031 902 1093 934 est
1115 895 1219 934 clam
1239 895 1376 935 uideri
1394 896 1605 948 possidere
1624 912 1630 935 z

205 952 344 991 nullae
376 952 487 991 enim
508 964 656 1003 preces
677 953 767 991 eius
789 951 987 991 uidentur
1015 951 1242 992 adhibitae.
1306 959 1347 992 et
1375 952 1468 992 ideo
1490 966 1636 1005 perse—

126 1011 177 1049 =t3
205 1010 315 1048 cutio
337 1009 427 1048 eius
450 1010 510 1047 rei
532 1021 698 1060 semper
725 1008 909 1048 manebit
932 1022 1010 1048 nec
1032 1009 1252 1049 interdicto
1285 1010 1396 1049 locus
1418 1016 1493 1049 est.
1556 1010 1636 1049 Ar-

204 1066 302 1116 bor,
330 1078 437 1117 quae
459 1067 501 1104 in
522 1066 677 1104 alienas
698 1065 823 1104 aedes
846 1067 1033 1105 imminet
1056 1067 1124 1105 uel
1144 1067 1187 1105 in
1209 1067 1337 1105 uicini
1360 1079 1529 1118 agrum,
1555 1069 1635 1106 nisi

204 1136 227 1162 a
259 1122 424 1162 domino
455 1122 663 1161 sublucari
693 1134 773 1160 non
810 1128 966 1174 potest,
1003 1123 1123 1174 isque
1147 1123 1460 1163 conueniendus
1497 1130 1559 1163 est
1590 1130 1635 1163 ut

205 1193 297 1219 eam
329 1178 536 1219 sublucet..
600 1178 712 1230 quod
734 1180 767 1218 si
791 1186 1023 1219 conuentus
1044 1179 1237 1219 dominus
1268 1179 1311 1219 id
1333 1179 1466 1220 facere
1489 1181 1636 1220 nolue-

204 1237 280 1287 rit,
306 1249 329 1275 a
358 1237 496 1276 uicino
525 1236 713 1275 luxuries
743 1248 949 1275 ramorum
982 1238 1281 1288 compescitur:
1319 1235 1446 1288 idque
1478 1238 1637 1289 qualis-

127 1294 176 1333 ⁷14
204 1306 384 1345 cumque
406 1293 597 1333 dominus
620 1292 754 1332 facere
776 1306 858 1332 non
879 1293 1139 1345 prohibetur.
1188 1292 1406 1333 Aduersus
1428 1307 1536 1345 eum,
1564 1295 1635 1346 qui

203 1351 413 1390 hominem
443 1349 623 1389 liberum
652 1351 840 1389 uinxerit
861 1352 1141 1402 suppresserit
1174 1352 1389 1390 incluserit
1410 1364 1634 1403 operamue

203 1414 251 1447 ut
274 1407 316 1447 id
337 1408 456 1446 fieret
477 1406 654 1457 dederit,
681 1413 762 1446 tam
784 1407 1052 1447 interdictum
1075 1420 1200 1459 quam
1221 1408 1324 1459 legis
1341 1408 1488 1447 Fabiae
1510 1421 1637 1460 super

205 1477 252 1504 ea
276 1477 320 1503 re
343 1464 449 1504 actio
471 1463 683 1503 redditur:
721 1470 761 1504 et
791 1463 1010 1504 interdicto
1042 1464 1213 1516 quidem
1234 1464 1275 1504 id
1309 1466 1458 1517 agitur,
1495 1471 1539 1505 ut
1563 1478 1636 1503 ex-

206 1521 403 1560 hibeatur
434 1522 468 1560 is
491 1521 562 1572 qui
586 1520 819 1571 detinetur,
845 1521 935 1573 lege
958 1528 1098 1560 autem
1119 1521 1263 1571 Fabia,
1290 1528 1335 1560 ut
1358 1522 1482 1561 etiam
1504 1535 1636 1573 poena

128 1577 178 1616 ¹¹5
205 1578 441 1617 nummaria
460 1584 717 1617 coerceatur.
778 1580 889 1617 Bene
912 1577 1165 1618 concordans
1185 1579 1491 1618 matrimonium
1515 1591 1636 1630 sepa-

206 1635 288 1674 rari
310 1649 332 1674 a
362 1641 478 1687 patre
511 1633 636 1674 diuus
658 1636 752 1674 Pius
782 1635 1018 1687 prohibuit,
1054 1636 1237 1687 itemque
1262 1649 1284 1676 a
1314 1642 1484 1687 patrono
1507 1635 1638 1674 liber—

207 1699 315 1741 tum,
341 1704 364 1731 a
386 1691 631 1743 parentibus
654 1691 784 1731 filium
806 1691 1036 1744 filiamque:
1064 1693 1146 1732 nisi
1168 1692 1271 1732 forte
1294 1699 1536 1744 quaeratur,
1563 1692 1636 1731 ubi

126 1748 179 1786 --16
205 1749 352 1788 utilius
374 1749 523 1787 morari
546 1748 711 1788 debeat.
775 1749 979 1788 Omnibus
1000 1748 1140 1799 bonis,
1169 1762 1275 1801 quae
1297 1749 1420 1789 habet
1445 1761 1636 1801 quaeque

205 1805 427 1845 habiturus
449 1812 523 1855 est,
551 1805 744 1857 obligatis
764 1819 841 1845 nec
864 1805 1093 1845 concubina
1115 1819 1191 1845 nec
1212 1806 1322 1846 filius
1343 1806 1544 1845 naturalis
1560 1819 1637 1846 nec

205 1863 401 1902 alumnus
430 1875 506 1902 nec
527 1875 634 1914 quae
667 1864 708 1901 in
740 1875 819 1902 usu
851 1862 1054 1902 cotidiano
1077 1864 1203 1903 habet
1224 1863 1485 1916 obligantur:
1520 1862 1636 1902 ideo-

205 1932 288 1971 que
310 1919 362 1959 de
383 1920 448 1959 his
469 1932 544 1959 nec
566 1919 834 1959 interdictum
858 1919 1061 1959 redditur.

654 2034 719 2084 [vu
777 2046 825 2072 DE
859 2033 1188 2086 OBLIGATIONIBVS]

156 2112 172 2149 --1
320 2112 629 2163 Obligationum
658 2111 952 2152 firmandarum
983 2114 1112 2164 gratia
1134 2113 1420 2164 stipulationes
1444 2113 1637 2154 inductae

207 2175 325 2219 sunt,
363 2182 469 2220 quae
499 2168 676 2221 quadam
702 2169 929 2208 uerborum
960 2170 1235 2209 sollemnitate
1257 2172 1568 2223 concipiuntur,
1597 2177 1636 2210 et

206 2227 455 2278 appellatae,
481 2225 592 2277 quod
613 2238 690 2277 per
711 2239 780 2265 eas
801 2226 973 2266 firmitas
995 2227 1291 2278 obligationum
1313 2229 1630 2279 constringitur:

154 2283 181 2322 2
206 2284 407 2335 stipulum
429 2283 539 2322 enim
562 2289 729 2322 ueteres
749 2282 912 2322 firmum
935 2283 1269 2335 appellauerunt.
1310 2284 1538 2323 Verborum
1561 2283 1635 2322 ob-

205 2341 346 2392 ligatio
369 2342 480 2379 inter
495 2346 753 2391 praesentes,
780 2352 860 2378 non
880 2341 1002 2379 etiam
1020 2341 1132 2379 inter
1151 2340 1345 2381 absentes
1361 2341 1631 2380 contrahitur.

207 2429 280 2437 «vx-rx«

383 2427 596 2437 m‘ffAW
600 2429 656 2436 „xlx
663 2430 678 2436 κ
682 2429 825 2437 ω,«Ν-κ-Λ,
829 2430 837 2434 ³
842 2430 1307 2438 avmlxaepa-pmxfllwwmwffstt
1313 2431 1329 2437 ,Α
1334 2430 1340 2433 »
1348 2430 1361 2436 ,κ
1367 2430 1377 2437 ›
1381 2433 1392 2437 Α
1400 2431 1413 2437 *⁴
1418 2430 1433 2437 ,Α
1438 2430 1444 2433 ‚
1448 2433 1454 2437 l
1458 2430 1465 2434 «
1471 2432 1476 2435 ⁴
1480 2430 1517 2437 »ν

301 2489 313 2517 1
345 2488 379 2518 et
395 2488 489 2525 dett,
509 2496 573 2519 om.
595 2487 657 2519 ML
698 2486 711 2527 ΙΙ
753 2489 770 2517 2
797 2487 942 2519 ducenti
964 2487 1134 2524 Cuiacius‚
1163 2487 1310 2519 ducenti
1326 2490 1443 2519 autem
1460 2488 1587 2518 codices

210 2535 248 2563 13
276 2533 354 2564 eius
371 2533 418 2570 M,
438 2541 502 2564 om.
524 2533 549 2564 L
590 2532 603 2572 ΙΙ
646 2535 684 2563 16
710 2534 811 2573 isque
829 2533 923 2569 dett„
944 2534 974 2565 is
992 2534 1054 2574 qui
1071 2534 1134 2565 ML
1174 2533 1187 2573 ΙΙ
1230 2535 1268 2563 18
1297 2534 1534 2574 conpescetur
1551 2533 1589 2563 M

209 2580 244 2608 <24
276 2577 391 2609 fabiae
417 2587 524 2619 super
548 2587 588 2610 ea
614 2587 651 2610 re
677 2579 770 2609 actio
798 2579 852 2617 Μ,
883 2578 998 2610 fabiae
1024 2581 1061 2610 ut
1087 2587 1194 2620 super
1218 2587 1259 2610 ea
1284 2587 1322 2609 re
1346 2579 1528 2609 accusatio
1555 2578 1577 2609 L
1625 2578 1637 2617 {l

206 2624 249 2654 23
276 2625 315 2654 ut
335 2648 341 2654 .
365 2648 371 2655 .
395 2648 402 2655 .
421 2625 462 2655 24
483 2626 693 2655 coerceatur
712 2623 879 2661 Cuiam-us,
900 2627 958 2656 aut
979 2649 985 2656 .
1010 2649 1016 2656 .
1039 2649 1046 2656 .
1069 2624 1280 2656 cohercetur
1296 2624 1423 2655 codices
1462 2622 1475 2663 11
1516 2626 1551 2654 31
1576 2623 1632 2663 de]

206 2668 252 2700 de
270 2668 462 2700 uerborum
481 2669 655 2710 Schultt'nq

1666 793 1700 820 10

1663 1077 1701 1105 45

1664 1361 1702 1389 ΞΟ

1662 1645 1702 1674 25

1662 1930 1701 1958 30

1661 2292 1701 2320 35
