1942 3081
673 132 781 137 ..-
845 110 921 149 113.
982 133 1094 138 .-
1320 111 1415 143 raul.
1440 113 1479 149 v,
1504 114 1532 144 4.
1555 116 1596 144 ω

167 236 289 285 rium,
317 234 427 286 quod
444 236 566 286 uulgo
585 236 788 274 canticum
807 234 971 283 dicitur,
999 236 1038 273 in
1056 235 1228 273 alterius
1251 234 1462 275 infamiam
1481 250 1597 275 com—

167 293 344 343 positum
376 299 413 331 et
442 291 608 343 publice
639 297 845 330 cantatum
868 298 951 329 tam
974 291 1015 329 in
1039 304 1107 329 eos
1137 291 1208 342 qui
1239 291 1315 330 hoc
1336 296 1596 333 cantauerint

168 361 291 400 quam
317 350 356 387 in
379 362 448 388 eos
470 350 541 400 qui
564 348 884 399 composuerint,
912 353 1027 386 extra
1049 347 1237 386 ordinem
1260 348 1521 388 uindicatur:
1550 365 1595 389 co

167 406 326 456 acrius,
363 406 396 444 si
428 418 629 457 personae
661 405 838 455 dignitas
868 403 920 443 ab
952 404 1028 442 hac
1051 404 1201 443 iniuria
1232 403 1494 444 defendenda
1526 408 1591 445 sit.

91 461 140 501 217
165 462 211 501 In
235 475 302 502 eos
329 468 541 512 auctores,
573 462 644 513 qui
668 460 841 500 famosos
863 460 1024 500 libellos
1047 462 1088 499 in
1111 462 1402 500 contumeliam
1424 463 1595 501 alterius
1623 471 1629 495 ἓ

166 520 475 571 proposuerint,
511 524 628 558 extra
658 518 846 557 ordinem
877 530 1012 569 usque
1035 517 1088 556 ad
1119 518 1413 569 relegationem
1437 519 1594 559 insulae

90 577 138 614 slS
165 576 417 615 uindicatur.
491 575 731 614 Conuicium
771 574 897 614 iudici
935 574 987 613 ab
1023 574 1350 626 appellatoribus
1386 576 1476 614 fieri
1513 589 1593 615 non

91 634 138 671 «19
165 639 345 685 oportet:
388 633 571 683 alioquin
610 632 778 671 infamia
819 638 1029 671 notantur.
1108 631 1370 671 Maledictum
1412 633 1595 684 itemque

165 690 397 729 conuicium
429 689 596 741 publice
623 689 774 728 sactum
804 688 856 728 ad
889 690 1065 728 iniuriae
1098 688 1327 727 uindictam
1358 696 1590 729 reuocatur.

87 748 136 786 ‘20
164 759 245 799 quo
267 746 371 786 facto
393 746 690 785 condemnatus
713 745 879 785 infamis
901 745 1090 785 efficitur.
1155 747 1241 784 Non
1264 752 1424 786 tantum
1449 747 1494 793 is,
1522 748 1592 798 qui

163 802 428 842 maledictum
464 809 535 842 aut
556 804 788 842 conuicium
818 803 1059 854 ingesserit,
1102 803 1343 841 iniuriarum
1381 805 1596 843 conuictus

162 859 342 899 famosus
365 859 567 910 efficitur,
602 859 677 899 sed
700 867 740 899 et
762 861 816 909 is,
844 861 962 898 cuius
983 872 1061 911 ope
1083 860 1306 899 consilioue
1330 860 1483 914 factum
1506 874 1594 900 esse

86 919 129 956 21
163 917 329 957 dicitur.
383 915 649 956 *Conuicium
673 923 812 956 contra
835 916 964 955 bonos
985 929 1120 955 mores
1142 917 1231 955 fieri
1254 916 1438 967 uidetur,
1463 919 1496 956 si
1520 917 1595 956 ob-

162 972 333 1013 *scaeno
364 975 530 1013 nomine
561 980 631 1013 aut
653 974 849 1012 inferiore
878 980 995 1025 parte
1027 974 1210 1024 corporis
1231 973 1413 1013 nudatus
1443 975 1595 1025 aliquis

162 1032 412 1070 *insectatus
433 1032 500 1070 sit.
543 1030 654 1082 quod
677 1030 829 1069 factum
858 1030 1203 1082 contemplatione
1225 1043 1386 1070 morum
1411 1037 1451 1069 et
1472 1044 1593 1070 causa

162 1087 379 1139 *publicae
410 1088 635 1126 honestatis
665 1086 892 1126 uindictam
928 1086 1282 1126 extraordinariae
1318 1088 1488 1127 ultionis
1520 1101 1594 1126 ex-

85 1148 135 1185 22
161 1144 362 1196 *pectat*
422 1146 600 1193 Seruus,
637 1145 708 1195 qui
741 1144 938 1182 iniuriam
959 1150 1030 1182 aut
1051 1144 1342 1182 contumeliam
1365 1143 1531 1194 fecerit,
1560 1147 1593 1183 si

161 1201 330 1252 quidem
352 1208 555 1251 atrocem,
590 1203 632 1240 in
656 1201 867 1240 metallum
890 1200 1134 1251 damnatur,
1161 1202 1196 1240 si
1218 1213 1319 1240 uero
1341 1200 1493 1252 leuem,
1520 1201 1595 1240 ssa-

161 1258 278 1309 gellis
308 1270 452 1298 caesus
473 1257 552 1297 sub
573 1270 706 1309 poena
726 1258 993 1297 uinculorum
1025 1258 1317 1309 temporalium
1340 1257 1506 1297 domino
1529 1271 1595 1298 re—

158 1316 358 1354 stituitur.

316 1429 372 1479 [VA
432 1440 480 1467 DE
510 1441 676 1467 EFFECTV
708 1440 1000 1467 SENTENTIARVM
1031 1440 1078 1466 ET
1110 1439 1257 1466 Flmnvs
1290 1428 1433 1478 L1T1vm]

113 1512 125 1549 «Ι
273 1509 351 1547 Res
380 1508 585 1547 iudicatae
614 1507 816 1546 uidentur
845 1506 898 1546 ab
928 1507 1015 1557 his,
1050 1507 1122 1557 qui
1156 1507 1380 1557 imperium
1408 1513 1592 1558 potesta-

159 1572 327 1616 temque
350 1564 503 1604 habent
520 1565 587 1604 uel
611 1565 683 1616 qui
706 1577 756 1602 ex
779 1565 1019 1603 auctoritate
1038 1576 1181 1602 eorum
1198 1564 1307 1602 inter
1323 1570 1465 1615 partes
1487 1563 1592 1602 dan-

160 1629 249 1672 tur,
285 1622 470 1673 itemque
502 1635 528 1660 α
550 1621 854 1673 magistratibus
882 1620 1200 1672 municipalibus
1230 1632 1363 1671 usque
1393 1620 1445 1659 ad
1476 1633 1591 1659 sum—

159 1692 287 1729 mam,
315 1691 396 1730 qua
416 1680 481 1718 ius
503 1678 642 1718 dicere
663 1684 858 1729 possunt,
894 1678 1079 1728 itemque
1101 1676 1152 1716 ab
1174 1677 1262 1726 his,
1289 1679 1359 1728 qui
1383 1677 1435 1716 ab
1458 1678 1591 1728 impe-

159 1742 294 1775 ratore
317 1742 434 1775 extra
455 1735 641 1774 ordinem
664 1741 880 1786 petuntur.
915 1747 967 1773 ex
989 1734 1280 1785 compromisso
1303 1741 1440 1773 autem
1464 1734 1591 1773 iudex

159 1800 349 1844 sumptus
386 1805 473 1831 rem
506 1791 730 1831 iudicatam
760 1804 842 1830 non
885 1791 1002 1830 facit:
1043 1790 1117 1829 sed
1146 1792 1179 1830 si
1216 1803 1348 1842 poena
1386 1791 1492 1830 inter
1523 1804 1591 1830 eos

159 1851 406 1901 promissum
437 1850 508 1900 sit,
543 1861 677 1901 poena
710 1861 752 1887 re
792 1850 833 1887 in
864 1848 1065 1887 iudicium
1097 1847 1275 1886 deducta
1307 1860 1359 1886 ex
1389 1849 1590 1900 stipulatu

438 1963 453 1970 ,η
465 1962 736 1970 »κνώψᾳμυχνωῃηγ
752 1962 770 1970 ν,
794 1961 1049 1969 -ss-x-JQr—saeeffaew
1065 1961 1135 1967 2aeer
1148 1961 1157 1965 r
1169 1961 1186 1967 a
1194 1961 1318 1968 «rammam
1328 1961 1374 1968 «υ»
1393 1962 1405 1967 ⁷-
1433 1965 1438 1967 -
1497 1964 1508 1967 ⁷,
1522 1963 1526 1967 κ
1542 1962 1562 1967 «ν
1574 1962 1587 1967 ν-

251 2021 281 2057 4,
305 2021 343 2049 is
362 2032 403 2046 =
422 2005 500 2060 Dig'y.
523 2021 576 2058 47,
599 2022 653 2058 40,
673 2021 713 2050 42
767 2018 779 2058 ιι
831 2019 862 2057 4,
885 2020 919 2048 24
946 2019 1093 2049 extatin
1111 2018 1361 2049 Partstenssbus
1380 2019 1479 2049 4409.
1504 2019 1588 2048 4440

165 2065 323 2097 Vaticano
340 2074 411 2105 req.
436 2067 518 2095 1048
548 2065 710 2096 Beruensi
728 2066 790 2094 263

202 2156 254 2162 vv,
260 2156 274 2162 ν.
280 2154 518 2162 »»ιμα,»υ»ναυ-υ»ιν
523 2154 824 2162 ωΜωΙᾼανυΝ-Λιμμκ
831 2153 1192 2161 mawrxruawmwmm
1199 2154 1247 2159 «μ»
1253 2154 1268 2159 »χ
1278 2154 1320 2160 χαι
1327 2153 1381 2160 amru
1390 2154 1416 2160 U«
1434 2154 1489 2159 fua>
1496 2156 1502 2159 i
1510 2155 1515 2158 Α

157 2224 398 2266 disperatione
417 2223 630 2255 dialectione
649 2222 697 2253 nil
716 2222 832 2261 Rern.)
862 2223 1022 2261 cauetur,
1050 2223 1221 2263 quoniam
1244 2220 1452 2252 omnimodo
1471 2220 1590 2252 defor-

158 2271 286 2302 manda
304 2272 357 2301 est
379 2269 443 2308 (est
460 2277 524 2300 om.
545 2268 583 2307 A)
614 2269 690 2299 eius
708 2276 873 2308 persona,
902 2269 1026 2299 contra
1044 2276 1149 2308 quem
1168 2267 1346 2298 uenimus.
1385 2266 1446 2297 sed
1467 2267 1500 2296 in
1521 2266 1589 2297 lioc

157 2316 286 2347 modus
310 2315 427 2355 (modo
444 2315 470 2345 Α
490 2314 606 2352 Bern.)
629 2313 774 2354 quidam
793 2315 827 2343 et
844 2315 934 2344 ratio
953 2313 1157 2344 adhibenda
1175 2315 1245 2344 est:
1273 2312 1473 2343 aestimatio
1493 2314 1587 2342 enim

157 2363 262 2393 etiam
288 2361 356 2392 hoc
381 2360 488 2392 modo
514 2359 668 2391 laeditur
698 2358 835 2398 (legitur
852 2358 877 2389 A
902 2358 1004 2397 Vat.)‚
1033 2368 1119 2398 quae
1141 2358 1298 2390 Cuiacius
1324 2366 1389 2388 non
1409 2357 1507 2387 Pauli
1532 2358 1589 2387 sed

159 2408 356 2446 Interpretis
373 2415 444 2437 esse
460 2406 547 2436 uidit

250 2454 266 2483 4
293 2451 515 2484 defendenda
534 2451 582 2490 M,
601 2449 820 2481 uindicanda
838 2450 862 2480 L
903 2448 915 2488 ΙΙ
957 2451 975 2480 6
1000 2458 1114 2490 usque
1133 2447 1191 2487 Lb,
1210 2457 1351 2489 quoque
1371 2448 1417 2483 Μ,
1439 2448 1588 2477 incertus

158 2498 201 2529 La
240 2498 254 2538 11
296 2500 334 2528 43
361 2496 509 2529 obscine
527 2497 629 2527 Ber-n.
673 2495 686 2535 ΙΙ
730 2496 767 2525 ll·
794 2493 952 2526 infcriori
974 2495 1084 2526 Paris.
1108 2496 1192 2526 4409
1234 2494 1247 2534 ΙΙ
1295 2495 1334 2523 24
1364 2502 1381 2523 a
1402 2493 1584 2531 magistra-

158 2543 253 2575 tibus
270 2542 550 2584 municipalibus
572 2541 744 2577 Cuiacius,
769 2541 998 2580 magistratus
1015 2540 1251 2580 municipales
1269 2540 1396 2569 codices
1435 2537 1448 2576 ΙΙ
1489 2539 1527 2567 27
1557 2537 1585 2567 si

126 2617 129 2619 ,
158 2588 223 2620 sub
242 2597 354 2629 poena
372 2589 466 2619 inter
483 2596 545 2618 eos
563 2586 862 2627 compromissum
881 2586 927 2616 sit
943 2594 1008 2617 scr.
1057 2586 1070 2625 ll
1120 2588 1159 2615 28
1187 2594 1223 2616 re
1242 2586 1276 2615 in
1294 2583 1459 2619 Huschke,
1480 2583 1528 2613 rei
1551 2583 1585 2612 in

159 2635 204 2671 M,
225 2642 300 2666 rem
320 2633 344 2664 L
384 2633 397 2673 ll
437 2633 589 2664 deducta
608 2633 645 2671 L,
666 2631 841 2663 deductae
861 2632 892 2662 M

1291 2688 1307 2715 8

1623 753 1661 781 40

1623 1037 1660 1065 15

1619 1321 1660 1349 20
