1966 3081
543 893 874 947 PRAEFATIO
911 894 1182 949 EDITORIS

258 1033 375 1072 Anno
410 1033 515 1071 *1549
558 1033 760 1071 Iohannes
792 1033 920 1072 Tilius
961 1034 1093 1072 titulos
1135 1046 1190 1072 eoe
1221 1046 1384 1084 corpore
1424 1036 1584 1086 lez'ani?

146 1104 226 1131 uno
265 1090 403 1129 codice
445 1090 527 1128 solo
567 1102 667 1128 usus
700 1090 866 1128 Parisiis
898 1089 1045 1129 edidit.
1082 1092 1154 1141 qui
1192 1090 1322 1129 codex
1361 1098 1579 1142 postquam

145 1162 180 1187 a.
216 1148 322 1186 4576
355 1160 376 1185 a
405 1146 570 1186 Cuiacio
598 1146 763 1185 Parisiis
795 1146 933 1185 denuo
965 1148 1225 1186 examinatus
1258 1154 1333 1195 est,
1371 1149 1461 1187 eius
1493 1161 1582 1187 me-

147 1205 272 1244 moria
305 1204 450 1256 periit7
500 1202 631 1242 donec
662 1205 702 1241 F.
742 1203 782 1241 C.
822 1203 872 1242 de
906 1205 1086 1256 Savigny
1127 1217 1221 1243 eum
1256 1205 1297 1243 in
1330 1204 1581 1244 bibliotheca

144 1262 335 1301 Vaticana
369 1261 695 1312 inuestigauits).
755 1266 879 1311 atque
912 1261 1108 1312 leguntur
1138 1262 1180 1300 in
1213 1261 1353 1301 codiee
1385 1263 1581 1301 Vaticano

145 1332 228 1370 reg.
268 1318 397 1367 1128,
445 1318 516 1368 qui
548 1317 710 1356 saeculo
742 1318 776 1355 X
808 1318 849 1356 in
883 1317 1010 1356 Gallia
1043 1314 1237 1357 exaratus
1270 1326 1353 1369 est7
1392 1320 1497 1358 titula·
1527 1332 1581 1358 eoe.

142 1387 308 1427 corpore
348 1375 507 1426 lec'am'
536 1376 631 1425 Legi
664 1375 869 1414 Romanae
901 1376 1222 1426 wisigothorum
1254 1375 1422 1415 adiecti.
1482 1389 1582 1428 apo-

143 1433 344 1484 graphum
385 1431 538 1470 codicis
568 1432 752 1470 Vaticani
793 1431 845 1470 ab
878 1433 1053 1471 Henrioo
1085 1434 1227 1471 Brunn
1269 1432 1450 1472 fideliter
1482 1446 1581 1472 oon-

144 1489 295 1529 feetum
329 1489 436 1540 typis
468 1488 680 1527 mandauit
714 1488 934 1528 Eduardus
966 1490 1173 1540 Boecking
1188 1489 1236 1540 2).

257 1547 470 1585 Pertinere
502 1545 575 1584 hos
607 1546 746 1584 titulos
777 1545 830 1584 ad
851 1546 1012 1598 leiani
1046 1546 1200 1585 librum
1233 1547 1487 1598 singularem
1514 1560 1581 1586 re-

143 1603 330 1652 gularum
373 1615 424 1641 ex
464 1602 687 1641 Collatione
720 1603 767 1651 6,
805 1603 827 1640 2
867 1602 935 1653 (Σ
966 1604 1056 1654 le.
1095 1605 1141 1653 5
1180 1605 1217 1642 6.
1255 1604 1289 1655 7„
1331 1611 1369 1642 et
1401 1604 1580 1655 Digestis

145 1660 384 1699 Iustinianis
406 1660 473 1708 2⁴2,
500 1659 538 1709 5,
571 1659 618 1697 ’17
659 1659 726 1692 (τ-
747 1659 836 1710 le.
864 1661 932 1709 ⁶20„
960 1661 996 1711 6)
1035 1668 1207 1699 constat.
1263 1673 1407 1712 presse
1440 1668 1578 1699 autem

145 1723 336 1756 secutum
368 1728 459 1755 esse
490 1717 710 1767 leianum
754 1717 793 1754 in
826 1716 931 1755 libro
964 1718 1163 1768 singulari
1197 1719 1434 1768 regularum
1468 1731 1579 1756 com-

144 1773 334 1825 ponendo
366 1773 612 1813 Gaianarum
644 1773 953 1812 Institutionum
995 1773 1183 1813 ordinem
1225 1773 1344 1813 docet
1380 1776 1577 1814 materiae

142 1830 194 1869 ab
225 1830 398 1882 leiano
428 1837 625 1869 tractatae
658 1829 897 1881 dispositio,
942 1832 1022 1869 nisi
1063 1831 1174 1882 quod
1213 1844 1345 1883 pauca
1376 1832 1480 1871 iuris
1511 1845 1579 1871 oa-

141 1888 226 1938 pita
266 1900 287 1926 a
331 1887 428 1925 Gaio
468 1887 763 1939 praetermissa
804 1887 986 1926 diuersis
1026 1888 1126 1928 loeis
1166 1889 1344 1928 inseruit
1360 1888 1406 1940 3).
1471 1902 1577 1940 quae

143 1957 238 1984 oum
270 1945 325 1983 ita
356 1944 450 1993 sint,
489 1956 541 1982 ex
562 1944 713 1983 Gaiana
747 1944 1018 1995 dispositione
1050 1952 1160 1985 certa
1194 1947 1431 1986 coniectura
1463 1947 1579 1985 eolli-

141 2002 253 2052 gitur
274 2001 511 2052 regularum
533 2002 801 2052 leianarum
825 2014 907 2040 non
931 2002 1062 2041 solum
1086 2003 1249 2042 initium
1272 2004 1464 2055 periisse7
1502 2003 1575 2042 sed

142 2071 187 2096 ea
220 2070 387 2109 quoque
418 2059 556 2096 onmia
583 2057 836 2107 desiderari7
873 2058 924 2097 de
959 2059 1114 2110 quibus
1137 2060 1263 2099 Gaius
1293 2060 1390 2099 inde
1413 2073 1435 2099 a
1457 2061 1496 2111 37
1525 2061 1574 2099 53

144 2116 249 2166 egit:
287 2127 459 2165 eamque
486 2116 762 2154 coniecturam
796 2116 968 2167 insuper
990 2116 1233 2155 confirmant
1256 2116 1485 2169 fragmenta
1508 2118 1579 2155 Vl-

144 2173 262 2223 piana
297 2173 338 2210 in
361 2172 555 2210 Vaticano
578 2171 716 2211 codiee
739 2173 888 2211 omissa
911 2179 951 2211 et
977 2186 997 2211 e
1021 2173 1245 2213 Collatione
1268 2175 1501 2226 Digestisue
1526 2174 1574 2213 ad

142 2229 265 2268 finem
297 2235 459 2267 nostrae
491 2228 687 2267 editionis
716 2230 926 2278 restituta⁷
963 2243 1068 2281 quae
1097 2231 1263 2270 Gaianis
1285 2232 1323 2281 3,
1353 2232 1447 2270 224.
1477 2232 1571 2270 ³225.

234 2387 255 2427 ¹)
286 2387 455 2419 Codicem
484 2388 695 2419 Vaticanum
725 2388 880 2420 eundem
910 2398 988 2421 esse
1016 2391 1122 2430 atque
1151 2390 1252 2421 illum
1282 2400 1352 2431 quo
1383 2391 1496 2421 Tilius
1526 2393 1574 2421 est

142 2434 267 2464 eontra
291 2433 327 2465 C.
356 2433 396 2464 E.
423 2433 646 2465 Heimbachii
673 2433 914 2467 dubitationes
940 2436 1072 2476 optime
1098 2434 1257 2467 defendit
1284 2436 1358 2467 Ioh.
1379 2436 1513 2467 'Vahlen
1541 2437 1573 2466 in

142 2477 378 2519 praefatione,
414 2488 522 2519 quam
551 2480 698 2511 editioni
728 2479 773 2511 ab
804 2481 880 2520 ipso
911 2481 1054 2512 Bonnae
1087 2483 1173 2511 4856
1204 2484 1348 2513 curatae
1377 2482 1573 2522 praemisit,

142 2532 175 2564 p.
197 2524 228 2554 X
247 2533 324 2565 sqq.

232 2567 255 2609 ²)
286 2570 427 2610 leiani
451 2569 542 2601 liber
568 2571 657 2611 sing.
678 2571 892 2611 regularum.
931 2571 1074 2603 Codicis
1092 2573 1253 2603 Vaticani
1274 2572 1476 2612 exemplum
1496 2580 1572 2603 cur.

145 2613 208 2644 Ed.
229 2614 415 2654 Boecking.
452 2616 591 2657 Lipsiae
611 2618 708 2647 4855.

232 2657 256 2697 3)
286 2659 336 2691 Cf.
357 2660 477 2692 tabula
501 2670 521 2692 a
540 2662 755 2702 Boeckingio
781 2665 929 2703 quartae
948 2663 1087 2703 leiani
1116 2662 1263 2694 editioni
1295 2663 1392 2701 (4855
1435 2663 1574 2695 adiecta

150 2706 192 2744 sp.
216 2706 276 2735 492
297 2707 402 2746 sqq).

1286 2767 1296 2792 ⁴
