1942 3081
322 103 572 141 Pau1.v‚2.3
828 126 937 131 -—
1001 105 1079 143 110
1140 127 1251 132 .—

320 227 492 268 absente
524 235 664 267 autem
687 228 853 268 domino
875 236 1108 280 comparata
1131 241 1212 268 non
1235 229 1357 268 aliter
1379 230 1441 278 ei,
1468 242 1592 281 quam
1614 230 1649 268 si
1671 236 1757 268 rata

269 284 291 321 3
320 287 387 335 sit,
413 287 646 337 quaeritur.
684 286 808 337 Longi
831 293 969 326 autem
991 288 1190 338 temporis
1207 286 1479 338 praescriptio
1502 287 1612 324 inter
1632 298 1758 338 prae-

320 349 459 382 sentes
481 343 666 382 continui
689 342 883 382 decennii
905 345 1059 395 spatio,
1086 345 1196 383 inter
1217 343 1412 382 absentes
1435 343 1620 382 uicennii
1642 356 1755 382 coni-

271 398 291 436 4
319 399 612 451 prehenditur.
676 401 830 451 Viginti
859 413 1061 440 annorum
1093 401 1363 452 praescriptio
1395 401 1519 439 etiam
1549 399 1754 439 aduersus

322 469 409 496 rem
430 456 643 509 publicam
664 456 834 509 prodest
856 458 907 507 ei,
934 459 1007 509 qui
1026 458 1181 497 iustum
1203 458 1370 497 initium
1388 457 1660 509 possessionis
1682 457 1758 496 ha-

320 513 413 553 buit
434 527 510 553 nec
532 513 669 553 medio
691 520 876 566 tempore
900 515 1190 566 interpellatus
1213 522 1289 554 est.
1324 516 1429 554 actio
1451 521 1588 553 tamen
1611 516 1757 566 quanti

322 572 412 610 eius
434 572 609 610 interest
639 571 844 610 aduersus
867 584 936 610 eos
960 572 1019 611 rei
1042 571 1235 623 publicae
1259 570 1400 622 datur,
1429 573 1500 624 qui
1524 584 1571 610 ea
1594 572 1757 622 negotia

270 626 293 663 5
321 628 552 667 defendere
573 629 863 679 neglexerunt.
914 629 957 668 Si
980 636 1073 680 post
1095 635 1244 667 motam
1268 630 1377 668 intra
1399 635 1585 681 tempora
1608 641 1760 680 quaes-

320 687 477 724 tionem
508 698 574 724 res
605 685 657 724 ad
690 698 843 724 nouum
875 684 1089 724 dominum
1117 686 1325 737 emptione
1348 686 1583 736 transierit,
1616 698 1694 724 nec
1725 686 1759 724 is

321 756 396 794 per
426 743 575 793 uiginti
606 755 736 781 annos
767 741 893 781 fuerit
923 743 1203 794 inquietatus,
1239 743 1363 782 auelli
1386 744 1422 782 ei
1455 743 1758 795 possessionem

320 812 402 838 non
425 805 599 851 oportet.

628 925 687 975 [111
745 937 793 962 DE
825 937 886 963 ffls
917 937 1014 972 QVAE
1047 938 1116 963 PER
1146 937 1297 963 TVRBAM
1328 925 1454 975 FIVNT]

273 1003 287 1040 l
435 1005 479 1042 In
503 1016 585 1054 eos,
613 1004 685 1055 qui
708 1017 786 1056 per
806 1004 970 1044 turbam
988 1003 1294 1044 seditionemue
1317 1004 1515 1044 damnum
1539 1005 1663 1044 alicui
1686 1004 1763 1044 de—

321 1060 461 1100 derint
491 1060 732 1100 dandumue
763 1063 1027 1111 curauerint,
1064 1063 1097 1100 si
1121 1061 1293 1113 quidem
1316 1074 1383 1100 res
1415 1063 1656 1113 pecuniaria
1679 1069 1753 1112 est,

320 1120 605 1157 aestimatione
635 1118 753 1170 dupli
775 1119 974 1158 sarcitur:
1011 1118 1122 1170 quod
1144 1119 1177 1157 si
1201 1132 1253 1158 ex
1282 1119 1357 1157 hoc
1378 1120 1536 1171 corpori
1565 1119 1755 1169 alicuius,

271 1175 294 1213 Ξ
321 1177 433 1215 uitae
458 1175 714 1214 membrisue
736 1182 948 1226 noceatur,
976 1182 1094 1214 extra
1125 1175 1316 1214 ordinem
1338 1175 1590 1215 uindicatur.
1627 1175 1761 1223 Quid-

322 1232 425 1284 quid
447 1246 498 1272 ex
521 1233 713 1272 incendio
736 1233 858 1272 ruina
888 1233 1105 1284 naufragio
1127 1234 1312 1284 uanique
1336 1240 1574 1285 expugnata
1596 1240 1760 1285 raptum

321 1297 562 1342 susceptum
593 1302 926 1341 suppressumue
959 1291 1062 1340 erit,
1098 1303 1144 1328 eo
1168 1303 1274 1329 anno
1298 1291 1339 1328 in
1364 1290 1646 1342 quadruplum
1670 1292 1760 1330 eius

322 1348 405 1397 rei,
433 1359 557 1398 quam
590 1348 683 1398 quis
705 1348 988 1399 suppresserit
1018 1347 1217 1386 celauerit
1247 1349 1455 1399 rapuerit,
1493 1348 1756 1398 conuenitur,

271 1403 292 1440 3
321 1410 462 1456 postea
486 1405 528 1442 in
550 1404 763 1456 simplum.
828 1405 875 1442 Hi
908 1405 980 1456 qui
1004 1404 1129 1443 aedes
1152 1405 1307 1443 alienas
1334 1405 1510 1443 uillasne
1544 1405 1761 1457 expilaue-

322 1462 406 1500 rint
428 1462 669 1513 effregerint
691 1462 1050 1513 expugnauerint,
1087 1462 1121 1500 si
1145 1461 1315 1513 quidem
1340 1461 1383 1500 id
1409 1461 1533 1500 turba
1554 1475 1648 1501 cum
1669 1462 1762 1501 telis

322 1525 459 1557 coacta
490 1518 687 1568 fecerint,
722 1519 857 1570 capite
889 1519 1137 1570 puniuntur.
1200 1518 1377 1557 telorum
1408 1525 1546 1558 autem
1575 1519 1762 1571 appella-

322 1576 432 1614 tione
465 1576 624 1625 omnia‚
669 1589 721 1614 ex
743 1575 898 1627 quibus
929 1576 1053 1615 saluti
1084 1575 1264 1614 hominis
1294 1577 1435 1615 noceri
1468 1577 1620 1627 possit,
1653 1577 1762 1615 acci-

273 1632 293 1670 4
323 1633 509 1684 piuntur.
573 1633 823 1684 Receptores
845 1632 1135 1685 adgressorum
1158 1633 1342 1684 itemque
1372 1633 1581 1672 latronum
1615 1632 1760 1672 eadem

322 1702 455 1741 poena
477 1689 743 1740 adficiuntur,
771 1702 852 1742 qua
876 1691 956 1742 ipsi
980 1690 1183 1729 latrones:
1216 1689 1392 1729 sublatis
1415 1690 1524 1729 enim
1547 1697 1762 1742 suscepto-

273 1745 295 1783 5
324 1746 441 1786 ribus
459 1749 738 1798 grassantium
755 1746 907 1798 cupido
925 1747 1196 1798 conquiescit.
1231 1749 1359 1786 Fures
1375 1747 1443 1786 uel
1468 1753 1655 1799 raptores
1672 1747 1763 1786 bal-

323 1816 496 1843 nearum
518 1804 768 1855 plerumque
799 1805 841 1842 in
863 1804 1075 1843 metallum
1108 1810 1178 1842 aut
1199 1805 1240 1842 in
1263 1817 1366 1856 opus
1396 1804 1612 1856 publicum
1644 1804 1763 1843 dam-

324 1867 496 1899 nantur:
543 1873 638 1899 nam
670 1874 984 1912 nonnumquam
1014 1874 1087 1912 pro
1118 1860 1354 1912 frequentia
1383 1861 1659 1901 admissorum
1696 1862 1762 1901 iu-

274 1918 296 1955 6
324 1917 500 1957 dicantis
540 1918 750 1957 sententia
790 1924 1065 1970 temperatur.
1144 1918 1415 1968 incendiarii,
1463 1920 1535 1970 qui
1577 1919 1764 1958 consulto

326 2042 387 2049 xxx
423 2042 482 2047 ,gyf
506 2042 543 2047 ,2⁷
602 2042 605 2043 r
665 2041 741 2048 1⁷⁷⁷,
778 2042 792 2048 ⁷>
819 2042 876 2048 »κν
910 2042 919 2046 Γ
938 2042 959 2043 rr
999 2042 1002 2043 r
1038 2042 1043 2043 ν
1081 2042 1151 2045 ⁷⁷⁷⁴
1236 2041 1311 2048 7—22
1384 2042 1388 2043 ν
1408 2040 1736 2049 nx«⁷zumraxr-xl-swxnx.

325 2188 604 2197 xxxrwvdxmrslsd
640 2189 757 2195 ΑΛΓ-ιαμ
768 2188 833 2195 »-«-,»
846 2188 968 2195 JJJVVJ
978 2188 1143 2195 »Af-»sV-ffr
1160 2189 1179 2195 ⁷—
1192 2189 1213 2194 *J
1226 2189 1256 2194 ⁵1-
1266 2189 1341 2196 ΑΑΧ»
1357 2190 1402 2196 2«—
1420 2190 1425 2193 x
1440 2190 1446 2193 -
1461 2190 1464 2191 r
1482 2190 1487 2193 x
1502 2190 1509 2194 «
1524 2190 1531 2194 χ
1548 2190 1572 2196 .,»
1589 2191 1614 2197 „⁷
1631 2191 1677 2197 ᾗ».
1693 2192 1697 2193 ⁷
1715 2191 1741 2195 «γ,
1752 2191 1760 2196 ,

418 2271 430 2299 4
463 2279 570 2310 quam
589 2270 617 2301 si
636 2270 666 2300 ci
684 2270 830 2308 sortasse
848 2278 914 2300 scr.
958 2269 971 2310 11
1011 2272 1085 2301 rata
1104 2270 1151 2307 M,
1181 2271 1278 2309 grata
1297 2270 1321 2301 L
1362 2268 1375 2309 11
1416 2272 1433 2300 2
1461 2270 1648 2310 quaeritur
1664 2271 1760 2308 dett„

326 2324 497 2356 quaerere
515 2316 553 2353 L,
575 2316 735 2347 inacrere
755 2315 788 2345 M
829 2314 842 2354 11
884 2317 900 2345 3
929 2316 1083 2356 spatium
1103 2315 1166 2346 ML
1207 2315 1219 2355 11
1262 2317 1277 2346 4
1305 2314 1444 2355 uiginti]
1469 2314 1595 2346 decem
1613 2315 1669 2346 uel
1690 2317 1760 2355 uig.

327 2361 482 2392 Huschke
514 2361 527 2401 11
570 2364 586 2391 ὕ
605 2360 776 2402 prodesse
796 2361 924 2391 codices
964 2361 977 2400 11
1018 2363 1036 2391 9
1057 2361 1086 2392 is
1105 2361 1151 2400 M,
1174 2361 1248 2402 ipse
1266 2361 1291 2392 L
1332 2360 1344 2400 11
1388 2361 1426 2390 44
1445 2359 1652 2392 dandumue
1666 2362 1762 2399 dem,

328 2407 499 2438 damnum
520 2407 566 2444 M,
588 2407 801 2438 iniuriamuc
822 2403 878 2444 Lb,
899 2406 1161 2438 iniuriamueue
1179 2407 1223 2437 La
1285 2406 1298 2446 11
1364 2408 1403 2436 «16
1430 2405 1648 2437 membrisue
1666 2407 1760 2443 dett„

327 2452 571 2494 membrisque
589 2452 652 2483 ML
707 2451 720 2491 11
775 2453 816 2482 20
843 2454 967 2492 postea
984 2452 1022 2491 L,
1042 2454 1164 2493 postea
1183 2460 1270 2483 uero
1290 2452 1327 2483 M
1371 2451 1384 2492 11
1432 2451 1566 2482 alienas
1585 2451 1679 2492 Di9.,
1698 2452 1764 2483 ali-

327 2507 416 2538 quas
435 2498 511 2536 ML,
539 2498 677 2539 aliquas
695 2498 829 2529 alienas
848 2498 927 2528 dett.
993 2496 1005 2536 11
1069 2498 1245 2538 uillasque
1264 2498 1404 2534 codice-s,
1433 2499 1492 2527 aut
1510 2497 1615 2528 uillas
1633 2497 1710 2538 Diq.
1754 2496 1766 2537 11

328 2546 363 2573 2¹
397 2545 426 2574 si
444 2544 531 2584 quid
550 2544 583 2575 in
604 2542 707 2575 turba
727 2551 810 2574 cum
829 2542 907 2574 telis
926 2541 1075 2574 fecerint
1090 2543 1168 2583 Di9.
1211 2543 1224 2583 11
1266 2545 1305 2573 23
1333 2542 1437 2574 saluti
1457 2542 1491 2574 h.
1512 2543 1634 2574 noceri
1650 2544 1765 2584 possit

332 2590 473 2627 (nocere
498 2591 648 2630 possunt
674 2589 710 2626 L)
742 2588 826 2627 ML,
861 2588 989 2628 singuli
1017 2588 1181 2620 homines
1208 2589 1329 2620 noceri
1367 2588 1509 2627 {nocere
1536 2588 1574 2627 F)
1613 2591 1765 2630 possunt

329 2635 406 2674 Βία.
450 2634 463 2674 11
501 2637 540 2665 28
569 2644 650 2666 nam
671 2635 717 2673 M,
737 2642 800 2665 om.
824 2634 847 2664 L

1788 750 1826 778 40

1789 1127 1826 1155 115

1788 1412 1826 1440 20

1788 1698 1829 1726 25
