1942 3081
789 105 1214 144 —162—

643 276 954 316 FRAGMENTA
985 276 1052 315 DE
1085 276 1203 314 IVRE
1234 275 1361 314 FISCl

456 361 680 406 Fragmenta
702 360 872 395 Veronae
906 362 941 395 in
972 358 1202 395 bibliotheca
1226 358 1423 403 capitulari
1445 358 1660 401 adseruata,

341 428 439 463 quae
472 422 630 463 propter
660 422 926 463 argumentum
958 416 1070 452 hodie
1100 417 1145 452 de
1167 418 1246 451 iure
1263 417 1344 463 fisci
1365 415 1556 459 dicuntur,
1594 417 1664 451 etsi

343 476 389 511 de
412 475 518 511 titulo
541 479 577 510 et
599 474 646 510 de
668 479 823 510 auctore
845 473 945 515 libri,
973 475 1081 510 cuius
1104 484 1146 508 ea
1169 473 1258 510 olim
1279 477 1426 518 partem
1449 472 1659 517 effecerint,

343 537 488 568 certum
521 532 702 567 indicium
733 536 833 566 extat
866 531 1035 573 nullum,
1081 529 1331 575 probabiliter
1362 535 1519 576 propter
1549 540 1666 574 argu-

344 596 513 625 mentum
546 589 749 624 iuridicum
771 593 808 623 et
829 593 988 633 propter
1009 584 1199 623 sermonis
1221 587 1381 622 formam
1403 587 1449 622 ad
1470 587 1666 623 saeculum

344 647 375 682 11
397 651 609 682 extremum
631 645 693 680 uel
715 645 763 680 III
786 656 823 690 p.
850 645 938 680 Chr.
965 656 1003 680 n.
1031 645 1264 687 reseruntur,
1300 646 1331 679 si
1362 644 1399 679 id
1424 650 1576 689 tempus
1599 654 1666 679 ex-

344 706 474 750 cipias,
513 714 589 748 quo
610 703 821 747 imperante
842 702 1029 738 Caracalla
1050 703 1109 737 ius
1132 705 1283 746 patrum
1304 703 1342 736 in
1364 701 1518 737 caducis
1541 701 1669 736 uindi-

345 762 475 797 candis
503 756 619 807 (quod
642 757 682 795 in
704 758 722 805 §
747 762 766 795 3
791 759 1019 806 agnoscitur)
1048 769 1123 794 non
1144 757 1297 803 uigebat
1330 753 1426 805 (Ἤρ.
1458 762 1518 800 17,
1551 762 1586 802 2,
1614 758 1663 794 cs.

347 819 414 853 Dio
436 818 538 853 Cass.
569 819 634 861 78,
668 819 711 852 [Ξ
737 816 934 861 Capitolin.
964 818 1001 851 in
1022 816 1187 851 Macrino
1219 811 1342 864 ¹3)1).

460 875 683 919 Fragmenta
713 876 808 920 ipsa,
846 884 944 919 quae
974 875 1140 920 primum
1163 883 1234 908 una
1257 883 1345 908 cum
1368 872 1436 908 Gai
1457 873 1670 908 Institutio-

345 930 458 967 nibus
489 943 523 967 a.
558 934 659 968 1820
692 930 837 976 publici
869 932 961 966 iuris
994 931 1089 966 sacta
1121 935 1227 974 sunt,
1265 930 1416 965 duobus
1447 930 1545 965 soliis
1576 939 1671 965 con-

347 993 459 1032 stant,
487 999 586 1034 quae
609 989 698 1024 olim
720 988 841 1024 codici
864 989 1048 1034 rescripto
1070 988 1380 1033 Hieronymiano,
1417 989 1526 1022 cuius
1546 987 1671 1032 scrip-

348 1052 432 1082 tura
454 1048 608 1091 antiqua
630 1045 767 1081 Gaium
789 1047 970 1086 continet,
1007 1045 1215 1090 tegumenti
1245 1045 1328 1081 loco
1357 1044 1536 1079 uidentur
1556 1054 1672 1088 prae-

348 1105 460 1139 missa
492 1103 624 1139 fuisse.
679 1102 782 1148 quod
815 1113 891 1148 quo
923 1103 1159 1138 commodius
1181 1102 1303 1146 fieret,
1338 1101 1557 1147 bibliopega
1577 1101 1672 1136 haec

349 1161 435 1196 folia
457 1161 506 1196 ita
528 1161 752 1205 amputauit,
783 1165 824 1195 ut
844 1161 1033 1205 margines
1054 1161 1273 1204 superiores
1295 1163 1331 1194 et
1354 1160 1564 1194 exteriores
1585 1168 1672 1193 cum

349 1223 455 1265 parte
486 1218 697 1262 scripturae
728 1217 930 1252 recideret.
995 1227 1120 1262 neque
1153 1216 1249 1251 hanc
1280 1215 1406 1251 labem
1436 1216 1554 1252 solam
1585 1215 1671 1251 folia

349 1276 408 1311 illa
432 1279 716 1318 contraxerunt,
752 1274 818 1309 sed
850 1275 992 1309 sensim
1024 1274 1375 1318 pedetemptimque
1407 1284 1479 1308 usu
1510 1273 1673 1308 lacerata

349 1336 406 1368 est
438 1332 593 1367 dextera
617 1342 706 1378 pars
727 1333 928 1376 utriusque
952 1331 1028 1366 folii
1050 1333 1188 1366 summi
1211 1335 1246 1366 et
1271 1336 1467 1376 praeterea
1490 1330 1673 1365 foramina

350 1396 387 1425 et
425 1390 542 1424 rimae
584 1390 621 1423 in
657 1388 794 1424 mediis
824 1387 1057 1423 membranis
1089 1393 1193 1423 ortae
1225 1389 1438 1432 scripturae
1469 1387 1675 1432 particulas

349 1446 601 1482 abstulerunt.
649 1457 693 1482 eo
716 1451 887 1491 tempore
909 1456 986 1490 quo
1011 1445 1096 1480 folia
1119 1446 1378 1487 innotuerunt,
1405 1446 1593 1489 margines
1614 1445 1676 1478 in-

351 1506 511 1539 teriores
534 1503 697 1539 duorum
720 1503 896 1538 soliorum
918 1502 1059 1547 glutine
1082 1506 1302 1547 compactae
1325 1502 1454 1537 fuere:
1481 1499 1677 1536 membra-

351 1572 421 1596 nae
453 1566 581 1596 autem
613 1562 717 1605 ipsae
747 1571 839 1596 num
872 1561 1046 1605 primitus
1077 1561 1126 1595 ita
1158 1561 1256 1594 inter
1282 1570 1323 1594 se
1345 1559 1598 1598 cohaeserint,
1635 1562 1676 1592 ut

351 1629 469 1654 unum
501 1629 569 1664 par
599 1618 777 1653 foliorum
808 1617 1015 1661 efficerent,
1053 1616 1297 1662 eundemque
1330 1616 1505 1651 ordinem
1527 1615 1676 1651 habue-

350 1677 440 1719 rint,
476 1686 552 1720 quo
576 1680 708 1720 postea
730 1674 985 1719 conglutinata
1007 1679 1042 1709 et
1066 1674 1138 1709 hoc
1160 1674 1312 1709 saeculo
1335 1674 1435 1708 edita
1463 1678 1564 1717 sunt,
1601 1671 1677 1708 dici

353 1743 426 1768 non
460 1737 605 1777 potest:
651 1737 754 1767 certe
796 1733 969 1767 neutrius
1001 1731 1076 1766 solii
1108 1731 1214 1767 initio
1247 1731 1400 1766 alterius
1430 1734 1576 1775 partem
1609 1740 1678 1764 ex-

353 1796 513 1825 tremam
543 1790 754 1824 continuari
785 1789 1027 1824 manifestum
1058 1793 1128 1823 est.
1192 1788 1359 1833 singulae
1390 1791 1547 1832 paginae
1578 1785 1691 1821 binis·

354 1847 540 1882 columnis
562 1851 735 1881 exaratae
758 1850 859 1881 sunt.
896 1850 989 1891 quot
1009 1850 1136 1881 autem
1161 1855 1295 1880 uersus
1316 1846 1354 1880 in
1375 1845 1677 1888 uniuscuiusque

355 1905 513 1949 paginae
545 1903 668 1939 fronte
700 1905 809 1938 recisi
841 1904 928 1941 sint,
965 1913 1040 1938 non
1063 1906 1224 1938 constat.
1280 1904 1392 1937 unius
1414 1906 1517 1937 certe
1541 1910 1679 1936 uersus

353 1963 555 1996 maximam
575 1965 723 2005 partem
744 1961 857 1995 recisi
877 1961 1036 2005 uestigia
1056 1961 1094 1994 in
1115 1960 1233 1995 altero
1257 1959 1345 1994 solio
1363 1962 1546 2004 apparent
1563 1968 1679 2004 supra

355 2019 498 2064 primae
520 2023 555 2053 et
578 2023 736 2063 quartae
757 2018 956 2053 columnae
978 2017 1189 2052 uersiculos
1211 2018 1354 2061 primos
1376 2026 1442 2051 eos
1473 2017 1538 2061 qui
1562 2015 1679 2050 hodie

355 2078 422 2112 toti
439 2075 510 2120 legi
527 2080 700 2121 possunt,
722 2080 761 2110 ut
779 2079 925 2110 constet
943 2075 1109 2119 singulas
1126 2075 1280 2119 paginas
1296 2074 1357 2109 uel
1371 2072 1679 2109 columnasXXV

356 2134 553 2168 minimum
575 2143 711 2168 uersus
743 2132 960 2176 complexas
991 2142 1088 2167 esse.
1139 2137 1337 2176 praeterea
1359 2141 1445 2165 cum
1467 2141 1513 2165 ex
1534 2129 1679 2165 ambitu

357 2191 567 2234 scripturae
599 2199 697 2234 quae
730 2189 843 2224 hodie
876 2194 976 2224 extat
1008 2190 1166 2225 formam
1191 2188 1331 2224 codicis
1353 2189 1489 2232 integri
1511 2187 1679 2232 quadra-

356 2252 432 2282 tam
454 2248 573 2291 magis
595 2257 709 2291 quam
732 2245 934 2292 oblongam
957 2246 1074 2281 fuisse
1096 2244 1295 2290 probabile
1317 2246 1377 2284 sit,
1414 2255 1489 2280 non
1520 2243 1681 2288 amplius

357 2315 472 2349 quam
502 2303 612 2339 binos
644 2303 704 2338 uel
737 2308 868 2338 ternos
899 2313 1035 2338 uersus
1066 2302 1235 2338 abscisos
1267 2313 1350 2338 csse
1373 2302 1556 2343 conicias,
1593 2310 1679 2335 cum

358 2362 582 2407 praesertim
605 2371 661 2404 ea,
699 2370 797 2405 quae
828 2361 863 2395 in
896 2362 1005 2395 tertia
1037 2360 1115 2396 solii
1137 2359 1294 2395 secundi
1317 2359 1490 2395 columna
1511 2361 1680 2392 extrema

358 2419 548 2463 leguntur,
585 2418 674 2453 licet
704 2427 780 2452 non
812 2418 1082 2452 continuentur
1113 2419 1167 2452 eis
1198 2427 1296 2462 quae
1329 2418 1366 2451 in
1397 2414 1568 2450 eiusdem
1601 2414 1681 2449 folii

389 2529 469 2536 »sm

643 2527 683 2535 w
691 2527 703 2531 -
711 2526 1038 2534 ἣκΛΛκκΜᾺκκκκκ
1046 2527 1059 2533 —r
1069 2528 1080 2534 -.
1089 2528 1104 2534 x
1111 2527 1316 2534 »Ἄκκκκκκκ
1326 2526 1379 2533 »κς

1594 2523 1737 2532 κ-»κκνα-

396 2597 417 2636 ¹)
455 2596 622 2628 Pluribus
653 2596 697 2627 de
723 2597 870 2627 auctore
896 2594 1176 2633 fragmentorum
1207 2595 1481 2636 disputauerunt
1502 2593 1681 2633 Boecking
1707 2593 1740 2624 et

305 2643 471 2675 Huschke
490 2643 525 2674 in
542 2641 823 2684 praefationibus
839 2641 1037 2673 editionum
1056 2641 1100 2672 ab
1121 2642 1204 2682 ipsis
1222 2636 1440 2672 cura‘tarum.

1923 2406 1933 2459 vt

1927 2476 1933 2511 ἲ

1922 2525 1933 2594 ἓ

1924 2619 1935 2649 {e

1919 2902 1937 3081 un--Jass
1921 2785 1936 2886 2⁴12„-
1923 2748 1932 2762 .›
