1942 3081
334 129 432 161 Paul.
453 129 511 167 iv,
533 130 551 160 8
838 151 950 157 —-
1011 129 1090 168 100
1149 150 1263 157 —.

333 255 512 293 *tatione
533 253 804 306 prudentium
824 254 1006 304 primum
1029 254 1141 292 inter
1157 260 1327 305 agnatos
1343 252 1476 292 locum
1499 260 1767 304 acceperunt.

283 314 306 351 4.
332 312 430 351 *Sui
451 310 630 351 heredes
660 317 757 350 sunt
778 311 839 349 hi:
876 312 1009 362 primo
1040 311 1125 349 loco
1156 311 1264 350 filius
1286 310 1369 349 filia
1399 311 1441 348 in
1462 316 1663 362 potestate
1692 323 1768 361 pa-

332 369 433 408 *tris
464 368 695 408 constituti:
734 380 812 406 nec
841 368 1038 418 interest,
1073 367 1261 420 adoptiui
1292 368 1375 406 sint
1406 379 1458 407 an
1485 366 1696 406 naturales
1727 373 1767 405 et

331 425 587 465 *secundum
616 425 749 477 legem
772 425 917 464 Iuliam
940 426 1159 476 Papiamue
1191 425 1389 476 quaesiti:
1425 423 1544 463 modo
1570 430 1766 463 maneant

331 483 400 522 *in
423 489 639 535 potestate.
690 482 769 529 Qui
791 482 856 521 sui
879 481 1055 521 heredes
1078 489 1190 532 sunt,
1217 483 1304 534 ipso
1327 482 1417 520 iure
1440 480 1618 520 heredes
1639 481 1764 519 etiam

330 540 594 591 *ignorantes
615 539 948 589 constituuntur,
982 545 1028 578 ut
1050 539 1194 578 furiosi
1216 545 1286 578 aut
1309 538 1488 578 infantes
1510 545 1549 577 et
1570 538 1766 589 peregri-

331 596 525 637 *nantesz
571 595 724 648 quibus
762 595 966 635 bonorum
1005 596 1276 647 possessionis
1306 602 1478 647 propter
1512 595 1764 647 praetoriam

283 656 305 693 6
330 655 558 693 *actionem
590 665 672 692 non
705 659 793 692 erat
830 653 1082 692 necessaria.
1155 653 1199 691 In
1231 653 1317 692 suis
1347 651 1577 692 heredibus
1607 651 1712 691 adeo
1742 664 1763 690 a

329 710 485 750 *morte
506 709 716 750 testatoris
746 722 885 749 rerum
908 709 1255 749 hereditariarum
1288 709 1516 749 dominium
1545 709 1765 748 continua-

330 768 441 818 *tur,
468 774 514 807 ut
534 780 611 806 nec
632 767 781 806 tutoris
803 767 1024 806 auctoritas
1044 767 1216 818 pupillis
1236 779 1314 805 nec
1335 765 1502 806 furiosis
1524 772 1689 805 curator
1711 766 1763 804 sit

329 824 628 875 *necessarium
654 823 736 863 nisi
758 823 861 863 forte
883 823 1081 863 soluendo
1099 825 1151 862 sit
1168 823 1400 863 hereditas:
1429 824 1622 874 quamuis
1639 823 1763 862 etiam

329 881 549 932 *sm-iosus,
585 882 618 920 si
640 881 880 932 resipuerit,
916 887 956 919 et
977 880 1178 932 pupillus,
1213 881 1247 919 si
1270 880 1515 931 adoleuerst,
1550 879 1763 920 abstinere

287 952 299 978 ι
329 940 528 991 ³possint.
582 939 676 977 Post
696 944 872 977 mortem
894 939 1027 989 patris
1047 944 1170 977 natus
1191 938 1260 977 uel
1281 937 1333 977 ab
1354 936 1543 976 hostibus
1564 949 1765 976 reuersus

328 997 423 1036 *aut
446 1009 498 1036 ex
525 995 658 1048 primo
680 995 918 1035 secundoue
940 995 1147 1046 mancipio
1174 995 1473 1043 manumissus,
1499 995 1672 1033 cuiusue
1694 1006 1763 1032 er-

328 1053 459 1092 *roris
479 1065 601 1093 causa
617 1051 806 1104 probata,
833 1052 931 1091 licet
946 1065 1028 1091 non
1052 1051 1209 1091 suerint
1230 1053 1270 1090 in
1294 1057 1511 1104 potestate,
1537 1051 1602 1091 sui
1621 1057 1762 1090 tamen

280 1111 303 1148 8
328 1110 459 1162 *patri
486 1109 664 1149 heredes
695 1109 948 1148 efficiuntur.
1014 1110 1105 1148 Post
1126 1109 1231 1148 filios
1262 1109 1366 1148 filias
1388 1108 1439 1148 ad
1469 1110 1762 1148 intestatorum

326 1167 659 1207 *successionem
682 1167 794 1205 inter
814 1179 910 1205 suos
929 1167 1109 1205 ueniunt
1131 1173 1304 1218 nepotes
1334 1173 1484 1218 neptes
1513 1172 1763 1218 pronepotes

325 1224 575 1276 *proneptes
597 1236 644 1263 ac
665 1223 821 1263 deinde
852 1223 1079 1263 masculino
1101 1236 1204 1262 sexu
1224 1229 1316 1275 post
1339 1224 1468 1263 filium
1498 1221 1763 1262 descenden-

325 1280 435 1332 ἤθε’,
471 1282 503 1321 si
525 1281 665 1320 nullus
687 1287 908 1332 parentum
941 1279 1237 1332 impedimento
1268 1281 1369 1332 ipsis
1401 1282 1442 1319 in
1465 1280 1533 1319 aui
1554 1285 1761 1332 potestate

325 1337 419 1378 *uel
449 1337 771 1390 proauiafamilia
791 1338 1062 1377 remanserit:
1097 1343 1294 1389 parentes
1325 1337 1435 1377 enim
1466 1337 1611 1376 liberis
1654 1338 1754 1387 suis,

326 1396 443 1435 *cum
475 1394 631 1447 quibus
661 1396 703 1433 in
733 1400 938 1446 potestate
968 1394 1139 1434 fuerunt
1168 1395 1271 1446 ipsi,
1311 1394 1458 1434 ordine
1487 1394 1760 1434 successionis

277 1454 300 1490 9
325 1451 573 1492 *obsistunn
635 1452 731 1491 Filizt
748 1453 785 1491 si
812 1464 905 1490 cum
937 1451 1160 1503 nepotibus
1183 1464 1235 1490 ex
1265 1452 1344 1491 alio
1376 1452 1459 1490 filio
1479 1451 1686 1503 susceptis
1716 1451 1758 1490 in

324 1508 505 1549 *familia
526 1510 775 1560 retinentur,
802 1507 854 1548 ad
876 1509 1061 1548 intestati
1077 1509 1210 1560 patris
1231 1510 1537 1548 successionem
1559 1521 1653 1547 cum
1676 1507 1760 1547 fra-

324 1566 424 1606 *tris
445 1567 542 1606 filiis
562 1572 779 1605 uocantur.
820 1565 976 1617 quibus
999 1566 1039 1604 in
1062 1566 1193 1617 patris
1215 1567 1279 1605 sui
1303 1572 1464 1617 partem
1486 1564 1760 1605 uenientibus

324 1623 559 1663 *hereditas
590 1624 632 1662 in
663 1624 840 1675 stirpes,
874 1635 957 1661 non
990 1623 1032 1661 in
1065 1623 1201 1674 capita
1223 1622 1451 1674 diuiditur,
1487 1623 1544 1663 ita
1572 1628 1619 1662 ut
1647 1634 1759 1661 unus

323 1681 459 1720 *filius
482 1686 521 1720 et
540 1681 683 1732 plures
703 1686 876 1732 nepotes
898 1680 1082 1731 singulos
1104 1681 1299 1719 semisses
1320 1680 1516 1720 habeant.
1560 1678 1758 1731 idemque

324 1738 514 1786 *euenit,
549 1738 583 1776 si
607 1750 684 1776 auo
707 1750 758 1776 ex
788 1736 950 1776 duobus
972 1737 1067 1775 filiis
1089 1737 1240 1788 impari
1271 1750 1445 1776 numero
1467 1742 1642 1788 nepotes
1664 1749 1756 1776 suc-

250 1794 297 1832 ι10
324 1793 568 1834 *cesserint.
631 1795 693 1833 Ex
724 1794 808 1833 filia
838 1799 1011 1845 nepotes
1042 1794 1106 1833 sui
1138 1793 1315 1833 heredes
1345 1807 1427 1833 non
1459 1800 1580 1833 sunt:
1616 1794 1658 1832 in
1689 1794 1758 1832 aui

322 1852 460 1891 *enim
482 1852 659 1891 materni
680 1857 882 1902 potestate
912 1850 1089 1890 alienam
1112 1849 1309 1890 familiam
1334 1858 1560 1902 sequentes
1581 1851 1669 1903 ipsa
1690 1863 1759 1890 ra—

247 1908 292 1946 44
324 1911 461 1948 *tione
485 1921 575 1948 esse
597 1921 679 1947 non
700 1914 890 1960 possunt.
945 1908 1001 1946 Eo
1022 1914 1210 1959 tempore
1233 1921 1333 1947 suus
1355 1908 1477 1947 heres
1499 1908 1758 1947 constituen-

323 1966 427 2006 *dus
445 1972 522 2017 est,
547 1978 628 2017 quo
650 1972 810 2005 certum
827 1971 889 2004 est
906 1964 1089 2016 aliquem
1106 1966 1346 2005 intestatum
1366 1965 1618 2004 decessisse:
1646 1963 1758 2016 quod

283 484 306 522 Q!

324 2092 328 2095 s
336 2090 370 2097 α»
377 2090 389 2095 n
422 2092 433 2096 ι.
471 2092 477 2095 s
484 2090 542 2096 «κν
551 2089 737 2097 ‘vvxnflmv-

417 2159 448 2197 8,
469 2159 577 2188 3—20
599 2170 640 2183 =
662 2156 803 2189 collatio
821 2159 875 2195 46,
896 2159 928 2196 3,
949 2159 1057 2188 3—20

363 2260 388 2267 „A
394 2257 477 2265 ΛἋΑ
481 2257 1197 2266 ΜκἊΑΜΛΜΜΛΛΛΝΜα-ακ
1202 2259 1288 2266 &m
1293 2260 1298 2264 »
1306 2258 1344 2265 M
1348 2259 1367 2265 κ

417 2340 435 2368 2
461 2337 508 2378 hi]
529 2337 597 2369 hoc
615 2337 742 2368 codices
782 2337 795 2377 11
836 2340 853 2368 3
880 2337 1053 2379 adoptiui]
1079 2340 1107 2370 si
1126 2339 1184 2371 ad.
1204 2339 1332 2370 codices
1371 2338 1384 2378 ΙΙ
1425 2347 1469 2370 an
1488 2340 1559 2370 nat,
1581 2340 1616 2370 et
1637 2337 1754 2378 Coll.1³‚

325 2386 394 2415 tam
413 2385 484 2415 nat.
504 2392 565 2414 eos
587 2382 698 2415 Coll.w
721 2383 825 2415 Coll.v
865 2383 878 2423 H
920 2385 935 2414 4
963 2385 1178 2425 papiamque
1198 2384 1372 2424 Schulting]
1411 2383 1424 2423 ΙΙ
1473 2386 1490 2414 7
1517 2385 1757 2426 possessionis

329 2430 433 2462 Coll.1’
469 2429 585 2467 Confi,
626 2430 872 2470 possessiones
908 2429 1036 2461 Conon
1079 2430 1318 2470 possessionis
1348 2430 1470 2470 petitio
1509 2430 1700 2469 requiritur
1745 2428 1762 2472 fl

326 2478 342 2506 S
371 2476 438 2506 erit
455 2475 612 2506 Pithoeus
667 2473 680 2514 ΙΙ
738 2477 772 2504 Μ
799 2477 877 2513 post
901 2473 990 2506 forte
1014 2477 1226 2507 intercidisse
1248 2476 1409 2506 uidentur
1433 2476 1534 2507 talia:
1561 2476 1597 2506 in
1623 2475 1692 2507 hoc
1716 2478 1758 2506 ut

323 2520 537 2560 abstineant,
564 2520 592 2552 si
618 2528 689 2551 non
745 2519 758 2560 ΙΙ
812 2520 985 2551 soluenda
1012 2521 1141 2552 codices
1195 2521 1208 2561 ΙΙ
1267 2523 1304 2551 45
1331 2520 1493 2561 probata]
1525 2520 1675 2562 probata
1701 2522 1758 2553 est

324 2575 392 2597 scr.
449 2566 463 2606 11
520 2568 558 2597 49
585 2566 653 2607 ipsi
670 2566 798 2596 codices
853 2566 866 2604 ΙΙ
923 2568 963 2596 22
990 2566 1082 2597 filius
1100 2575 1183 2597 cum
1208 2567 1336 2598 codices
1390 2566 1403 2606 11
1459 2568 1499 2596 23
1527 2566 1572 2598 ad
1597 2567 1756 2598 intestati

328 2612 439 2643 Coll.w
463 2612 578 2651 Confi,
599 2611 643 2643 ab
662 2611 827 2642 intestato
850 2611 953 2643 Colls‘
993 2610 1006 2650 ΙΙ
1046 2613 1085 2642 24
1106 2614 1257 2643 uocatur
1279 2611 1390 2643 Coll.w
1413 2611 1515 2643 Coll.v
1547 2612 1561 2653 Η
1600 2611 1755 2654 partem]

322 2659 506 2699 parentem
528 2656 644 2695 Com),
663 2658 828 2698 parentes
849 2656 962 2688 Coll.w
983 2657 1086 2688 Coll.v
1125 2657 1138 2697 ΙΙ
1178 2660 1221 2688 26
1246 2656 1292 2698 e‘]
1313 2666 1355 2688 ex
1372 2657 1501 2689 codices

1792 773 1835 802 to

1791 1059 1835 1089 ⁴¹5

1785 1344 1832 1373 20

1783 1630 1833 1660 25

1784 1914 1829 1944 30
