1942 3081
684 141 795 147 .—
859 120 935 158 129
996 141 1108 148 —-,--
1315 121 1407 151 l'aul.
1430 120 1470 157 V,
1494 123 1546 151 22.
1571 123 1610 151 23

133 246 154 283 5
182 245 314 296 capite
344 245 592 296 puniuntur.
656 243 758 290 *Qui
792 242 976 282 nondum
1007 244 1282 295 uiripotentes
1313 245 1500 296 uirgines
1522 257 1614 284 cor-

181 300 421 353 *runipunt,
447 301 687 340 humiliores
709 301 750 338 in
770 300 981 338 metallum
1002 299 1266 349 damnantur,
1292 300 1547 341 honestiores
1570 303 1611 340 in

131 361 153 397 6
181 357 384 398 *insulam
419 359 658 408 relegantur
690 362 760 396 aut
787 357 829 395 in
852 357 1022 395 exilium
1053 358 1289 396 mittuntur.
1355 358 1431 403 Qui
1461 371 1505 397 se
1527 360 1612 397 suis

128 1713 149 1750 5

128 1885 150 1922 6

179 415 382 454 *nummis
412 414 675 466 redemptum
698 425 779 452 non
800 412 1062 464 probauerit,
1097 413 1332 453 libertatem
1354 421 1497 465 petere
1530 428 1608 454 non

178 471 356 524 *potestz
391 472 568 523 amplius
598 470 733 510 eidem
755 469 921 509 domino
951 470 1029 510 sub
1060 483 1193 522 poena
1222 471 1482 509 uinculorum
1514 471 1610 510 red—
1638 480 1655 507 ὅ

155 568 158 569 ⁷
180 528 327 579 *ditur,
353 529 436 579 uel,
461 529 495 567 si
520 529 607 579 ipse
630 526 822 566 dominus
844 528 970 578 malit,
999 528 1040 566 in
1064 528 1274 567 metallum
1298 526 1560 567 damnatur.*

288 666 393 716 [xxlll
452 678 501 704 AD
534 678 655 704 LEGEM
688 676 904 704 CORNELIAM
935 675 984 702 DE
1016 676 1176 703 SICARHS
1206 676 1252 702 ET
1285 665 1494 714 VENEFlClS]

291 746 375 783 Lex
400 740 588 784 Cornelia
617 756 793 796 poenam
817 742 1117 795 deportationis
1146 742 1297 793 infligit
1318 743 1354 782 ei
1383 744 1453 795 qui
1479 743 1611 782 homi-

178 814 273 841 nem
294 800 493 840 occiderit
523 802 665 841 eiusue
688 802 745 840 rei
769 813 890 840 causa
914 799 1067 840 furtiue
1090 799 1269 838 faciendi
1301 813 1393 839 cum
1417 801 1498 839 telo
1519 801 1611 840 fue-

178 859 252 909 rit,
287 865 327 898 et
349 859 420 910 qui
444 871 653 898 uenenum
677 858 853 897 hominis
883 856 1061 896 necandi
1085 869 1206 896 causa
1235 856 1427 896 habuerit
1457 857 1610 897 uendi-

177 915 286 955 derit
301 916 530 967 parauerit,
558 915 704 954 salsum
721 915 1003 954 testimonium
1026 913 1196 963 dixerit,
1223 926 1304 965 quo
1326 915 1419 965 quis
1436 915 1607 966 periret,

179 973 375 1012 mortisue
415 985 579 1012 causam
615 972 885 1024 praestiterit.
950 984 1056 1022 quae
1088 971 1223 1010 omnia
1255 970 1436 1010 facinora
1464 972 1505 1010 in
1536 971 1611 1010 ho-

176 1030 380 1069 nestiores
419 1042 550 1082 poena
580 1030 724 1080 capitis
764 1028 971 1068 uindicari
1008 1028 1186 1079 placuit,
1228 1028 1470 1067 humiliores
1513 1041 1611 1068 uero

179 1088 219 1125 in
251 1099 416 1126 crucem
447 1087 650 1132 tolluntur
679 1092 748 1124 aut
777 1085 925 1124 bestiis
954 1084 1208 1124 obiciuntur.
1280 1083 1517 1124 *Homicida
1550 1092 1609 1124 est

177 1143 273 1194 *qui
310 1144 448 1194 aliquo
479 1155 632 1195 genere
670 1143 740 1181 teli
776 1142 986 1180 hominem
1023 1141 1173 1180 occidit
1209 1143 1408 1181 mortisue
1445 1154 1610 1181 causam

176 1199 448 1251 *praestitit..*
506 1200 585 1246 Qui
617 1200 824 1238 hominem
854 1198 1066 1249 occiderit,
1105 1197 1328 1249 aliquando
1363 1198 1607 1250 absoluitur,

178 1257 309 1308 etqui
340 1269 423 1295 non
454 1256 624 1306 occidit,
660 1263 706 1296 ut
736 1255 943 1295 homicida
973 1255 1214 1294 damnatur:
1251 1255 1467 1294 consilium
1499 1256 1610 1294 enim

179 1315 532 1365 uniuscuiusque,
572 1326 654 1352 non
691 1312 843 1352 factum
873 1312 1137 1363 puniendum
1168 1318 1242 1351 est.
1306 1311 1484 1364 ideoque
1521 1313 1607 1364 qui,

177 1384 270 1410 cum
292 1371 418 1410 uellet
440 1370 644 1421 occidere,
672 1370 714 1409 id
736 1382 833 1409 casu
855 1370 994 1421 aliquo
1015 1376 1257 1421 perpetrare
1280 1382 1362 1408 non
1383 1370 1538 1421 potuit,
1565 1376 1610 1409 ut

178 1427 383 1467 homicida
402 1429 597 1480 punitur:
635 1434 675 1466 et
696 1427 744 1477 is,
772 1427 842 1478 qui
866 1439 963 1466 casu
984 1427 1093 1466 iactu
1124 1427 1195 1465 teli
1217 1427 1427 1465 hominem
1448 1427 1610 1478 impru—

176 1484 327 1524 denter
347 1484 511 1535 occidit,
544 1484 789 1524 absoluitur.
845 1483 991 1530 *Quod
1013 1485 1046 1522 si
1067 1484 1110 1522 in
1133 1484 1223 1522 rixa
1245 1495 1468 1534 percussus
1490 1483 1610 1521 homo

178 1541 398 1592 *perierit,
432 1543 627 1593 quoniam
650 1542 753 1581 ictus
777 1553 942 1592 quoque
964 1541 1073 1591 ipsos
1106 1546 1243 1578 contra
1264 1552 1610 1591 unumquemque

178 1599 474 1650 *contemplari
505 1605 688 1650 oportet,
726 1597 818 1637 ideo
847 1598 1090 1636 humiliores
1111 1598 1154 1636 in
1186 1596 1332 1636 ludum
1364 1603 1435 1636 aut
1456 1598 1499 1635 in
1521 1609 1610 1636 me-

180 1656 344 1695 *tallum
367 1655 641 1705 damnantur,
668 1655 923 1694 honestiores
945 1653 1115 1694 dimidia
1136 1660 1255 1706 parte
1275 1653 1480 1693 bonorum
1501 1653 1610 1693 mul-

177 1711 274 1752 *tati
298 1713 550 1764 relegantur.
603 1712 732 1751 Causa
755 1712 896 1750 mortis
919 1711 1065 1750 idonea
1088 1724 1170 1750 non
1193 1710 1373 1760 uidetur,
1400 1723 1493 1750 cum
1515 1723 1608 1749 cae-

178 1770 274 1809 *sus
305 1770 424 1809 homo
454 1776 545 1821 post
568 1769 725 1820 aliquot.
747 1768 836 1808 dies
867 1768 1048 1807 officium
1079 1768 1256 1807 diurnae
1277 1768 1388 1807 uitae
1422 1768 1608 1806 retinens

178 1827 403 1878 *³*decessit7
429 1827 511 1865 nisi
532 1825 637 1865 forte
661 1825 787 1865 fuerit
809 1824 861 1865 ad
883 1838 1030 1864 necem
1052 1837 1196 1864 caesus
1221 1831 1292 1864 aut
1313 1824 1492 1864 letaliter
1513 1824 1610 1864 uul-

177 1883 384 1923 *neratus
451 1884 607 1922 Seruus
629 1884 661 1922 si
683 1883 816 1934 plagis
837 1881 1061 1933 defecerit,
1087 1883 1168 1921 nisi
1188 1881 1233 1921 id
1255 1881 1346 1921 dolo
1368 1881 1450 1932 fiat,
1476 1880 1610 1920 domi-

267 2066 322 2102 22,
343 2067 374 2095 5.
396 2066 412 2095 6
433 2078 473 2091 =
494 2064 571 2104 Diq.
593 2066 647 2101 48,
671 2067 723 2100 49,
745 2065 800 2103 38,
821 2066 851 2094 3.
874 2065 890 2094 1.
956 2063 969 2102 Η
1032 2065 1087 2100 23,
1112 2065 1122 2092 4
1148 2075 1188 2088 =
1213 2062 1353 2094 Collatc'o
1373 2065 1403 2101 4,
1424 2064 1454 2092 2.
1479 2064 1508 2100 8,
1533 2063 1548 2091 4
1598 2060 1610 2103 [4

177 2112 230 2147 23,
253 2112 271 2140 2
290 2123 330 2136 =
355 2110 494 2142 collatio
515 2112 544 2146 4,
565 2112 580 2140 l·
636 2109 648 2149 ΙΙ
705 2111 759 2145 23,
782 2112 798 2140 3
819 2122 859 2136 =
884 2109 1023 2141 Collatio
1043 2111 1072 2145 4,
1094 2110 1125 2145 7,
1147 2111 1158 2137 4
1221 2107 1235 2148 11
1290 2109 1345 2145 23,
1368 2109 1384 2137 4
1405 2121 1445 2134 =
1469 2107 1610 2139 Collatio

178 2158 216 2193 4,
238 2157 276 2193 7,
298 2158 316 2185 2
352 2155 429 2195 Di9.
452 2157 513 2193 48,
534 2158 572 2190 8,
595 2158 633 2185 47
661 2160 708 2192 (u.
729 2157 769 2192 i.)
826 2154 838 2194 ῃ
895 2156 956 2192 23,
979 2157 996 2185 5
1017 2166 1057 2180 =
1082 2153 1279 2191 Collateo2,
1302 2155 1317 2183 7
1375 2153 1389 2193 11
1444 2156 1506 2190 23,
1528 2156 1545 2183 6
1565 2165 1606 2179 =

179 2201 319 2233 Collatio
336 2203 352 2231 3
360 2226 367 2238 ,
388 2202 405 2230 2

355 2290 369 2297 J
375 2290 504 2298 ‘vav-ew—
510 2290 538 2297 ν
546 2289 684 2296 Nux-ww
691 2289 769 2296 mv
775 2288 1086 2296 WVw-aewaesif‘aev-
1093 2289 1172 2296 Md
1178 2288 1342 2295 ΓψΝΝφα
1348 2287 1446 2295 “J-»ae
1453 2288 1466 2294 J
1474 2288 1488 2294 J
1495 2288 1528 2293 ἶνα

269 2373 286 2401 9
313 2372 389 2402 eius
406 2371 462 2402 ue]
483 2371 558 2406 ML,
580 2370 727 2410 eiusque
748 2369 829 2401 Coll.
880 2369 893 2409 ΙΙ
943 2371 977 2399 44
1009 2368 1182 2400 falsumue
1205 2369 1285 2400 Coll.
1336 2368 1349 2408 ΙΙ
1399 2370 1438 2397 42
1459 2375 1605 2398 causam

181 2417 277 2454 coll„
299 2425 426 2448 causas
440 2417 502 2448 ML
536 2415 549 2456 ιΙ
582 2424 673 2456 quae
692 2415 787 2452 Con„
807 2414 853 2446 oh
871 2424 963 2455 quae
978 2415 1040 2446 ML
1073 2414 1086 2454 ss
1121 2417 1158 2445 43
1177 2414 1277 2454 uero]
1298 2422 1384 2444 uero
1403 2415 1460 2443 aut
1483 2412 1563 2444 Coll.
1594 2409 1608 2453 Η

177 2463 217 2492 44
237 2462 467 2494 subiciuntur
488 2462 570 2494 Con.
614 2461 626 2501 ΙΙ
669 2463 709 2490 46
728 2460 859 2492 occidit
881 2460 960 2491 Coll.
1004 2460 1017 2500 ΙΙ
1060 2463 1098 2491 48
1118 2462 1177 2501 qui
1197 2460 1272 2496 ML,
1301 2459 1329 2489 si
1352 2458 1463 2490 Coll.W
1486 2457 1601 2493 Confi,

176 2516 239 2539 om.
266 2507 370 2539 Coll.P
408 2508 421 2548 ΙΙ
464 2510 503 2538 49
530 2507 565 2538 id
583 2516 647 2538 om.
673 2506 752 2538 Coll.
796 2505 809 2545 ΙΙ
849 2508 890 2536 20
916 2507 1086 2547 puniatur
1109 2506 1190 2538 Coll.
1234 2504 1246 2544 ΙΙ
1287 2505 1381 2535 iactu
1398 2511 1460 2534 om.
1486 2502 1567 2533 Coll.
1594 2499 1608 2543 fl

177 2555 213 2583 24
237 2552 380 2593 occidit]
409 2553 543 2584 ferierit
567 2552 646 2584 Coll.
705 2552 719 2592 11
774 2550 870 2592 quod
888 2552 917 2582 si
937 2576 943 2582 .
968 2576 974 2583 .
999 2576 1004 2581 .
1027 2553 1067 2582 25
1087 2549 1298 2590 relegantur]
1327 2549 1355 2580 si
1375 2550 1410 2578 in
1429 2549 1504 2578 rixa
1521 2556 1605 2588 per-

178 2606 305 2630 cussus
322 2598 429 2630 homo
445 2599 604 2639 perierit,
634 2599 724 2629 ictus
750 2598 1035 2637 uniuscuiusque
1052 2598 1088 2627 in
1107 2596 1174 2627 hoc
1193 2595 1422 2626 collectorum
1443 2595 1605 2624 contem-

177 2644 267 2685 plari
285 2645 423 2685 oportet
440 2644 518 2684 Diy.
561 2643 574 2683 Η
613 2646 654 2674 22
674 2643 818 2684 perierit
839 2642 930 2682 Diy„
950 2642 1083 2673 ferierit
1105 2642 1220 2678 Confi,
1239 2639 1344 2671 fuerit
1367 2638 1471 2671 Coll.P
1492 2637 1604 2669 Coll.w

1638 865 1677 892 lo

1638 1150 1677 1178 45

1636 1433 1676 1462 20

1633 1718 1675 1746 25
