1942 3081
333 117 427 148 Paul.
450 117 491 155 11,
514 119 565 147 49.
590 118 628 146 20
849 140 961 145 .-
1022 119 1073 156 70
1133 139 1245 145 -.-.

331 249 425 282 ’θυι
455 249 625 294 neptem
661 254 834 281 uxorem
866 241 1020 282 ducere
1052 255 1296 294 possumus:
1338 249 1586 294 proneptem
1623 243 1767 282 aetatis

283 301 302 337 t
337 300 458 338 *ratio
481 299 689 351 prohibet.
734 299 941 351 Adoptiua
965 300 1151 351 cognatio
1174 299 1346 351 impedit
1371 300 1540 351 nuptias
1561 300 1671 338 inter
1691 312 1766 351 pa-

331 363 495 396 'rentes
516 369 561 395 ac
584 356 737 395 liberos
760 356 1007 405 omnimodo,
1036 357 1145 395 inter
1167 356 1316 396 fratres
1340 364 1533 406 eatenuS,
1559 363 1767 408 quatenus

282 414 304 451 5
330 414 501 465 *capitis
523 414 698 452 minutio
720 426 801 452 non
826 415 1066 453 interuenit.
1121 415 1204 453 Nee
1225 427 1390 454 socrum
1412 426 1489 452 nec
1514 426 1667 453 nurum
1697 426 1767 453 nec

330 472 591 523 *priuignam
629 483 705 509 nec
745 484 967 510 nouercam
1004 471 1227 522 aliquando
1264 472 1365 510 citra
1405 483 1580 523 poenam
1618 471 1765 510 incesti

331 534 525 567 *uxorem
549 527 705 567 ducere
729 528 837 578 licet,
861 529 967 567 sicut
991 541 1067 567 nec
1085 529 1253 566 amitam
1275 535 1344 567 aut
1367 535 1645 567 materteram.
1692 527 1765 567 sed

330 586 425 636 *qui
455 585 524 625 uel
549 591 761 637 cognatam
791 591 929 623 eontra
963 584 1231 624 interdictum
1254 584 1445 635 duxerit,
1481 585 1652 624 remisso
1675 597 1767 624 mu-

331 643 446 681 *lieri
478 642 581 681 iuris
612 654 752 680 errore
786 642 873 693 ipse
904 653 1081 693 poenam
1112 641 1304 681 adulterii
1336 643 1426 694 lege
1460 642 1560 681 Iulia
1592 643 1762 694 patitur,

283 700 304 737 6
330 708 434 738 v'non
459 699 583 738 etiam
606 698 771 737 ducta*
801 699 914 737 Inter
936 711 1079 738 seruos
1101 705 1140 738 et
1160 698 1315 738 liberos
1337 699 1645 738 matrimonium
1669 711 1767 738 con—

283 756 304 794 7
330 757 435 795 trahi
460 769 542 794 non
560 761 709 807 potest,
736 755 1056 794 contubernium
1077 762 1225 807 potest.
1262 757 1405 807 Neque
1428 756 1608 795 furiosus
1629 768 1766 807 neque

332 814 482 852 furiosa
520 813 827 851 matrimonium
869 813 1111 852 contrahere
1153 820 1349 864 possunt:
1401 812 1474 852 sed
1511 819 1766 852 contractum

281 871 303 907 8
331 870 638 909 matrimonium
665 869 801 909 furore
822 882 905 908 non
929 870 1100 909 tollitur.
1152 871 1222 908 Vir
1244 869 1395 909 absens
1416 882 1590 909 uxorem
1612 870 1767 909 ducere

282 930 302 965 9
331 934 489 979 potest:
517 926 670 966 femina
692 926 844 966 absens
867 926 1028 966 nubere
1051 939 1131 965 non
1153 934 1304 979 potest.
1359 926 1591 977 Libertum,
1619 928 1691 978 qui
1715 927 1768 966 acl

333 985 498 1036 nuptias
520 991 717 1036 patronae
740 984 808 1023 uel
826 985 968 1023 uxoris
990 984 1181 1036 filiaeque
1199 985 1364 1036 patroni
1382 983 1669 1034 adfectauerit,
1694 997 1767 1036 pro

331 1041 533 1093 dignitate
565 1054 767 1093 personae
791 1042 945 1080 metalli
968 1054 1099 1093 poena
1130 1042 1198 1081 uel
1229 1042 1365 1093 operis
1394 1040 1553 1093 publici
1585 1042 1766 1080 coerceri

260 1100 302 1136 10
331 1099 501 1150 placuit.
561 1100 628 1137 *Si
659 1099 754 1150 quis
783 1098 963 1137 officium
997 1099 1038 1137 in
1069 1099 1209 1150 aliqua
1239 1099 1457 1150 prouincia
1486 1098 1761 1148 administrat,

337 1155 454 1195 *inde
476 1155 693 1195 oriundam
715 1156 784 1195 uel
806 1155 863 1194 ibi
896 1155 1149 1194 domicilium
1172 1155 1394 1195 habentem
1416 1168 1591 1194 uxorem
1614 1155 1768 1195 ducere

333 1218 436 1252 ‘non
458 1219 614 1264 potest,
644 1214 837 1264 quamuis
860 1225 1056 1264 sponsare
1078 1226 1160 1251 non
1183 1213 1477 1264 prohibeatur:
1512 1213 1569 1252 ita
1591 1212 1764 1261 scilieet,

330 1276 414 1320 aut,
442 1271 474 1308 si
497 1276 587 1321 post
603 1269 785 1309 officium
803 1269 1035 1321 depositum
1056 1270 1233 1309 noluerit
1250 1271 1401 1309 mulier
1417 1270 1586 1321 nuptias
1603 1276 1768 1309 contra-

333 1327 479 1376 'here,
514 1327 635 1366 liceat
668 1328 705 1365 ei
736 1327 813 1365 hoc
845 1326 982 1366 facere
1015 1328 1120 1366 arris
1141 1326 1424 1366 tantummodo
1455 1326 1630 1366 redditis
1661 1338 1767 1378 quas

260 1385 268 1421 1
289 1385 297 1421 1
331 1389 585 1435 *acceperah
639 1384 828 1423 Veterem
860 1397 1052 1436 sponsam
1073 1385 1115 1423 in
1138 1384 1376 1435 prouincia,
1413 1396 1495 1435 qua
1517 1385 1611 1435 quis
1633 1383 1768 1423 admi-

332 1442 526 1491 ²*nistrat,
560 1453 732 1480 uxorem
766 1440 917 1480 ducere
939 1447 1097 1491 potest,
1133 1448 1172 1480 et
1195 1440 1268 1480 dos
1298 1440 1392 1480 data
1414 1453 1495 1480 non
1528 1441 1571 1480 fit
1594 1440 1764 1480 caduca.

258 1500 304 1536 19
331 1499 434 1545 *Qui
459 1499 499 1536 in
530 1498 747 1549 prouincia
778 1498 938 1549 aliquid
969 1497 1252 1548 administrat,
1288 1500 1329 1536 in
1353 1511 1399 1537 ea
1422 1499 1640 1549 prouincia
1663 1497 1768 1537 filias

330 1560 451 1595 *suas
466 1556 508 1594 in
527 1555 834 1595 matrimonium
857 1556 1057 1594 collocare
1081 1561 1121 1594 et
1137 1554 1275 1594 dotem
1297 1556 1549 1594 constituere
1570 1567 1652 1594 non
1669 1567 1769 1606 pro—

258 1613 302 1651 13
329 1612 538 1651 “hibetur.
592 1613 678 1651 Non
711 1620 773 1651 est
795 1613 1125 1662 matrimonium,
1156 1613 1191 1651 si
1214 1619 1323 1651 tutor
1352 1612 1418 1651 uel
1442 1618 1607 1652 curator
1626 1612 1768 1664 pupil-

335 1671 434 1709 'lam
466 1682 582 1709 suam
611 1670 721 1709 intra
753 1670 1000 1708 uicesimum
1034 1676 1075 1708 et
1105 1676 1270 1708 sextum
1293 1682 1448 1709 annum
1482 1682 1564 1708 non
1586 1668 1770 1721 despon-

339 1735 442 1766 'sam
474 1740 495 1765 a
528 1732 646 1778 patre
678 1739 756 1765 nec
785 1732 1034 1765 testamento
1067 1725 1316 1766 destinatam
1346 1726 1469 1765 ducat
1497 1739 1668 1765 uxorem
1698 1727 1767 1765 uel

330 1788 445 1823 *eam
469 1783 550 1821 filio
577 1796 650 1822 suo
674 1784 817 1835 iungat
836 1797 842 1820 :
878 1796 959 1834 quo
982 1782 1085 1823 facto
1111 1790 1288 1835 uterque
1307 1782 1532 1823 infamatur
1549 1790 1589 1822 et
1606 1796 1680 1835 pro
1702 1782 1768 1822 di-

330 1841 510 1892 ⁴gnitate
530 1840 714 1891 pupillae
737 1846 853 1879 extra
876 1840 1063 1879 ordinem
1086 1846 1318 1879 coercetur:
1347 1853 1424 1879 nec
1446 1841 1631 1880 interest.
1658 1839 1767 1879 filius

256 1897 303 1935 44
332 1898 419 1936 'sui
444 1898 544 1936 iuris
566 1910 617 1936 an
643 1898 684 1936 in
706 1898 837 1949 patris
867 1904 1069 1948 potestate
1092 1899 1156 1936 sit.
1215 1897 1426 1937 Curatoris
1457 1897 1654 1936 libertum
1677 1909 1766 1936 eam

330 1954 578 2006 “pupillain,
612 1955 732 1993 cuius
764 1961 962 2005 patronus
995 1967 1062 1993 res
1093 1954 1376 2005 administrat,
1413 1967 1584 1993 uxorem
1612 1953 1767 1993 ducere

330 2012 455 2051 *satis
478 2011 646 2050 inciuile
671 2015 773 2050 estf

828 2113 889 2166 [xx
947 2126 995 2151 ΒΕ
1026 2113 1267 2166 οοΝονΒιΝις]

286 2194 298 2231 t
447 2194 504 2231 Eo
526 2200 726 2244 tempore,
754 2205 834 2244 quo
853 2194 946 2244 quis
963 2206 1133 2232 uxorem
1155 2192 1293 2243 habet,
1319 2192 1592 2232 concubinam
1611 2191 1766 2232 habere

334 2263 415 2289 non
438 2256 586 2302 potest.
623 2249 855 2289 concubina
879 2250 1004 2301 igitur
1027 2249 1078 2290 ab
1101 2263 1230 2289 uxore
1253 2250 1336 2289 solo
1355 2249 1508 2289 dilectu
1529 2255 1761 2301 separatur.

425 2366 480 2403 49,
497 2365 582 2394 3-5
598 2376 638 2390 =
658 2362 799 2394 collatio
815 2366 844 2400 6,
863 2366 879 2393 3
915 2363 928 2402 Ιι
966 2366 1017 2401 19,
1035 2366 1221 2394 ‹to—42:
1239 2364 1315 2404 Diq.
1334 2365 1388 2401 23,
1407 2365 1437 2399 Ξ,
1456 2364 1496 2393 38
1529 2361 1543 2402 u
1578 2364 1632 2400 ⁴9,
1655 2364 1708 2394 ⁴3.
1728 2364 1765 2393 14

334 2423 374 2436 =
394 2410 471 2450 Diy.
493 2411 547 2447 23,
569 2410 601 2447 2,
623 2411 664 2439 66

1175 2475 1231 2484 Μ

428 2514 438 2542 4
462 2511 666 2553 possumus]
687 2520 757 2542 non
776 2519 969 2552 possumus
985 2512 1113 2542 codices
1152 2511 1165 2551 ΙΙ
1207 2512 1222 2541 ιί
1244 2519 1311 2541 nec
1327 2509 1543 2551 priuignam]
1564 2510 1767 2551 priuignam

334 2558 462 2589 codices
509 2557 522 2597 ΙΙ
569 2560 584 2587 7
613 2558 673 2598 qui
691 2557 748 2589 uel
770 2556 895 2595 Collnv,
916 2556 972 2587 uel
991 2558 1052 2597 qui
1075 2557 1191 2593 colu,
1211 2556 1268 2588 uel
1292 2555 1395 2588 Cotti)
1450 2555 1463 2595 ΙΙ
1519 2557 1558 2585 ΞΟ
1585 2564 1675 2596 quos
1696 2555 1722 2586 F
1757 2553 1770 2597 Η

336 2605 375 2633 26
403 2603 618 2644 desponsam
638 2602 695 2639 1³¹,
717 2602 969 2643 desponsatam
992 2600 1037 2632 F‘2
1088 2602 1101 2641 ΙΙ
1155 2603 1194 2632 34
1222 2600 1423 2633 concubina
1443 2601 1505 2631 ML
1557 2600 1571 2641 ΙΙ
1624 2603 1663 2632 35
1692 2604 1769 2632 ante

335 2648 538 2681 concubina
559 2649 664 2689 igitur
681 2649 842 2679 nonnulla
861 2649 1070 2680 intercidisse
1089 2649 1216 2678 monuit
1235 2646 1389 2678 Huschke

1794 763 1834 792 to

1794 1048 1834 1076 2¹5

1793 1333 1835 1361 20

1793 1619 1836 1648 25

1794 1903 1834 1932 30

1793 2256 1835 2285 35
