<?xml version="1.0" encoding="UTF-8"?>
<!DOCTYPE html PUBLIC "-//W3C//DTD XHTML 1.0 Transitional//EN"
    "http://www.w3.org/TR/xhtml1/DTD/xhtml1-transitional.dtd">
<html xmlns="http://www.w3.org/1999/xhtml" xml:lang="en" lang="en">
 <head>
  <title>
</title>
<meta http-equiv="Content-Type" content="text/html;charset=utf-8" />
  <meta name='ocr-system' content='tesseract 3.04.00' />
  <meta name='ocr-capabilities' content='ocr_page ocr_carea ocr_par ocr_line ocrx_word'/>
</head>
<body>
  <div class='ocr_page' id='page_1' title='image "./collectiolibroru02krue_0123.png"; bbox 0 0 1942 3081; ppageno 0'>
   <div class='ocr_carea' id='block_1_1' title="bbox 0 0 59 3081">
    <p class='ocr_par' dir='ltr' id='par_1_1' title="bbox 0 0 59 3081">
     <span class='ocr_line' id='line_1_1' title="bbox 0 0 59 3081; baseline 0 0"><span class='ocrx_word' id='word_1_1' title='bbox 0 0 59 3081; x_wconf 95' lang='lat' dir='ltr'> </span> 
     </span>
    </p>
   </div>
   <div class='ocr_carea' id='block_1_2' title="bbox 689 126 1609 164">
    <p class='ocr_par' dir='ltr' id='par_1_2' title="bbox 689 126 1609 164">
     <span class='ocr_line' id='line_1_2' title="bbox 689 126 1609 164; baseline -0.002 -7"><span class='ocrx_word' id='word_1_2' title='bbox 689 147 801 152; x_wconf 87' lang='lat'>—-</span> <span class='ocrx_word' id='word_1_3' title='bbox 867 126 938 163; x_wconf 75' lang='lat'>111</span> <span class='ocrx_word' id='word_1_4' title='bbox 1001 148 1113 152; x_wconf 88' lang='lat'><strong>—</strong></span> <span class='ocrx_word' id='word_1_5' title='bbox 1363 127 1456 157; x_wconf 81' lang='lat' dir='ltr'>l&#39;aul.</span> <span class='ocrx_word' id='word_1_6' title='bbox 1480 127 1519 164; x_wconf 74' lang='lat' dir='ltr'>V,</span> <span class='ocrx_word' id='word_1_7' title='bbox 1542 129 1572 157; x_wconf 92' lang='lat'>3.</span> <span class='ocrx_word' id='word_1_8' title='bbox 1595 127 1609 155; x_wconf 76' lang='lat' dir='ltr'>l·</span> 
     </span>
    </p>
   </div>
   <div class='ocr_carea' id='block_1_3' title="bbox 183 248 1618 414">
    <p class='ocr_par' dir='ltr' id='par_1_3' title="bbox 183 248 1618 414">
     <span class='ocr_line' id='line_1_3' title="bbox 185 248 1614 301; baseline 0 -12"><span class='ocrx_word' id='word_1_9' title='bbox 185 248 423 289; x_wconf 81' lang='lat' dir='ltr'>incendium</span> <span class='ocrx_word' id='word_1_10' title='bbox 456 249 664 300; x_wconf 86' lang='lat' dir='ltr'>inferunt,</span> <span class='ocrx_word' id='word_1_11' title='bbox 700 262 859 288; x_wconf 90' lang='lat' dir='ltr'>summo</span> <span class='ocrx_word' id='word_1_12' title='bbox 888 249 1092 300; x_wconf 87' lang='lat' dir='ltr'>supplicio</span> <span class='ocrx_word' id='word_1_13' title='bbox 1119 248 1386 288; x_wconf 80' lang='lat' dir='ltr'>adficiuntur.</span> <span class='ocrx_word' id='word_1_14' title='bbox 1449 250 1558 301; x_wconf 85' lang='lat' dir='ltr'>quod</span> <span class='ocrx_word' id='word_1_15' title='bbox 1581 252 1614 289; x_wconf 89' lang='lat' dir='ltr'>si</span> 
     </span>
     <span class='ocr_line' id='line_1_4' title="bbox 183 305 1618 359; baseline 0.001 -14"><span class='ocrx_word' id='word_1_16' title='bbox 183 319 260 359; x_wconf 91' lang='lat' dir='ltr'>per</span> <span class='ocrx_word' id='word_1_17' title='bbox 280 307 482 345; x_wconf 86' lang='lat' dir='ltr'>incuriam</span> <span class='ocrx_word' id='word_1_18' title='bbox 505 307 611 359; x_wconf 80' lang='lat' dir='ltr'>ignis</span> <span class='ocrx_word' id='word_1_19' title='bbox 634 307 836 355; x_wconf 87' lang='lat' dir='ltr'>cuaserit,</span> <span class='ocrx_word' id='word_1_20' title='bbox 871 306 987 357; x_wconf 87' lang='lat' dir='ltr'>dupli</span> <span class='ocrx_word' id='word_1_21' title='bbox 1017 305 1261 357; x_wconf 87' lang='lat' dir='ltr'>compendio</span> <span class='ocrx_word' id='word_1_22' title='bbox 1285 305 1481 345; x_wconf 89' lang='lat' dir='ltr'>damnum</span> <span class='ocrx_word' id='word_1_23' title='bbox 1505 309 1618 346; x_wconf 76' lang='lat' dir='ltr'>cius-</span> 
     </span>
     <span class='ocr_line' id='line_1_5' title="bbox 187 363 653 414; baseline -0.002 -12"><span class='ocrx_word' id='word_1_24' title='bbox 187 363 297 403; x_wconf 90' lang='lat' dir='ltr'>modi</span> <span class='ocrx_word' id='word_1_25' title='bbox 319 365 466 403; x_wconf 68' lang='lat' dir='ltr'>sarcire¹</span> <span class='ocrx_word' id='word_1_26' title='bbox 483 363 653 414; x_wconf 86' lang='lat' dir='ltr'>placuit.</span> 
     </span>
    </p>
   </div>
   <div class='ocr_carea' id='block_1_4' title="bbox 720 498 1079 551">
    <p class='ocr_par' dir='ltr' id='par_1_4' title="bbox 720 498 1079 551">
     <span class='ocr_line' id='line_1_6' title="bbox 720 498 1079 551; baseline -0.003 -13"><span class='ocrx_word' id='word_1_27' title='bbox 720 498 772 551; x_wconf 77' lang='grc' dir='ltr'>[ιν</span> <span class='ocrx_word' id='word_1_28' title='bbox 830 511 878 537; x_wconf 81' lang='lat' dir='ltr'>DE</span> <span class='ocrx_word' id='word_1_29' title='bbox 910 498 1079 551; x_wconf 66' lang='lat' dir='ltr'>navans]</span> 
     </span>
    </p>
   </div>
   <div class='ocr_carea' id='block_1_5' title="bbox 116 578 1627 2053">
    <p class='ocr_par' dir='ltr' id='par_1_5' title="bbox 138 578 1621 743">
     <span class='ocr_line' id='line_1_7' title="bbox 138 578 1619 630; baseline 0 -14"><span class='ocrx_word' id='word_1_30' title='bbox 138 578 152 616; x_wconf 86' lang='grc'>’1</span> <span class='ocrx_word' id='word_1_31' title='bbox 298 579 493 618; x_wconf 88' lang='lat' dir='ltr'>Iniuriam</span> <span class='ocrx_word' id='word_1_32' title='bbox 517 578 698 630; x_wconf 88' lang='lat' dir='ltr'>patimur</span> <span class='ocrx_word' id='word_1_33' title='bbox 713 585 784 618; x_wconf 90' lang='lat' dir='ltr'>aut</span> <span class='ocrx_word' id='word_1_34' title='bbox 805 579 846 617; x_wconf 92' lang='lat' dir='ltr'>in</span> <span class='ocrx_word' id='word_1_35' title='bbox 868 591 1018 630; x_wconf 86' lang='lat' dir='ltr'>corpus</span> <span class='ocrx_word' id='word_1_36' title='bbox 1034 584 1106 618; x_wconf 83' lang='lat' dir='ltr'>aut</span> <span class='ocrx_word' id='word_1_37' title='bbox 1127 583 1243 618; x_wconf 84' lang='lat' dir='ltr'>extra</span> <span class='ocrx_word' id='word_1_38' title='bbox 1264 590 1435 629; x_wconf 90' lang='lat' dir='ltr'>corpus:</span> <span class='ocrx_word' id='word_1_39' title='bbox 1463 579 1504 616; x_wconf 91' lang='lat' dir='ltr'>in</span> <span class='ocrx_word' id='word_1_40' title='bbox 1527 591 1619 616; x_wconf 77' lang='lat' dir='ltr'>cor-</span> 
     </span>
     <span class='ocr_line' id='line_1_8' title="bbox 186 634 1619 688; baseline -0.001 -12"><span class='ocrx_word' id='word_1_41' title='bbox 186 648 264 688; x_wconf 91' lang='lat' dir='ltr'>pus</span> <span class='ocrx_word' id='word_1_42' title='bbox 284 634 539 675; x_wconf 87' lang='lat' dir='ltr'>uerberibus</span> <span class='ocrx_word' id='word_1_43' title='bbox 568 642 607 674; x_wconf 89' lang='lat' dir='ltr'>et</span> <span class='ocrx_word' id='word_1_44' title='bbox 630 636 810 675; x_wconf 79' lang='lat' dir='ltr'>illatione</span> <span class='ocrx_word' id='word_1_45' title='bbox 841 636 998 687; x_wconf 82' lang='lat' dir='ltr'>stupri,</span> <span class='ocrx_word' id='word_1_46' title='bbox 1036 642 1153 674; x_wconf 82' lang='lat' dir='ltr'>extra</span> <span class='ocrx_word' id='word_1_47' title='bbox 1176 647 1326 686; x_wconf 88' lang='lat' dir='ltr'>corpus</span> <span class='ocrx_word' id='word_1_48' title='bbox 1357 635 1556 674; x_wconf 85' lang='lat' dir='ltr'>conuiciis</span> <span class='ocrx_word' id='word_1_49' title='bbox 1578 641 1619 674; x_wconf 92' lang='lat' dir='ltr'>ct</span> 
     </span>
     <span class='ocr_line' id='line_1_9' title="bbox 185 691 1621 743; baseline -0.001 -11"><span class='ocrx_word' id='word_1_50' title='bbox 185 694 351 732; x_wconf 83' lang='lat' dir='ltr'>famosis</span> <span class='ocrx_word' id='word_1_51' title='bbox 371 692 543 742; x_wconf 80' lang='lat' dir='ltr'>libellis,</span> <span class='ocrx_word' id='word_1_52' title='bbox 578 691 689 743; x_wconf 89' lang='lat' dir='ltr'>quod</span> <span class='ocrx_word' id='word_1_53' title='bbox 718 706 771 732; x_wconf 76' lang='lat' dir='ltr'>ex</span> <span class='ocrx_word' id='word_1_54' title='bbox 799 692 968 732; x_wconf 84' lang='lat' dir='ltr'>adfectu</span> <span class='ocrx_word' id='word_1_55' title='bbox 996 693 1327 743; x_wconf 88' lang='lat' dir='ltr'>uniuscuiusque</span> <span class='ocrx_word' id='word_1_56' title='bbox 1360 692 1557 743; x_wconf 85' lang='lat' dir='ltr'>patientis</span> <span class='ocrx_word' id='word_1_57' title='bbox 1579 698 1621 731; x_wconf 92' lang='lat' dir='ltr'>et</span> 
     </span>
    </p>

    <p class='ocr_par' dir='ltr' id='par_1_6' title="bbox 136 748 1620 859">
     <span class='ocr_line' id='line_1_10' title="bbox 136 748 1619 801; baseline -0.001 -13"><span class='ocrx_word' id='word_1_58' title='bbox 136 749 159 788; x_wconf 73' lang='lat'><strong>2</strong></span> <span class='ocrx_word' id='word_1_59' title='bbox 186 750 375 790; x_wconf 83' lang='lat' dir='ltr'>facientis</span> <span class='ocrx_word' id='word_1_60' title='bbox 404 750 661 788; x_wconf 88' lang='lat' dir='ltr'>aestimatur.</span> <span class='ocrx_word' id='word_1_61' title='bbox 724 750 919 789; x_wconf 90' lang='lat' dir='ltr'>Furiosus</span> <span class='ocrx_word' id='word_1_62' title='bbox 949 750 1132 801; x_wconf 82' lang='lat' dir='ltr'>itemque</span> <span class='ocrx_word' id='word_1_63' title='bbox 1163 748 1300 788; x_wconf 86' lang='lat' dir='ltr'>infans</span> <span class='ocrx_word' id='word_1_64' title='bbox 1339 748 1507 788; x_wconf 84' lang='lat' dir='ltr'>adfectu</span> <span class='ocrx_word' id='word_1_65' title='bbox 1537 748 1619 787; x_wconf 90' lang='lat' dir='ltr'>doli</span> 
     </span>
     <span class='ocr_line' id='line_1_11' title="bbox 187 806 1620 859; baseline -0.001 -13"><span class='ocrx_word' id='word_1_66' title='bbox 187 813 228 846; x_wconf 89' lang='lat' dir='ltr'>et</span> <span class='ocrx_word' id='word_1_67' title='bbox 249 813 374 859; x_wconf 85' lang='lat' dir='ltr'>captu</span> <span class='ocrx_word' id='word_1_68' title='bbox 395 806 669 846; x_wconf 76' lang='lat' dir='ltr'>contumeliae</span> <span class='ocrx_word' id='word_1_69' title='bbox 700 813 863 846; x_wconf 87' lang='lat' dir='ltr'>carent:</span> <span class='ocrx_word' id='word_1_70' title='bbox 900 806 1052 846; x_wconf 90' lang='lat' dir='ltr'>idcirco</span> <span class='ocrx_word' id='word_1_71' title='bbox 1074 807 1319 846; x_wconf 87' lang='lat' dir='ltr'>iniuriarum</span> <span class='ocrx_word' id='word_1_72' title='bbox 1340 806 1405 858; x_wconf 77' lang='lat' dir='ltr'>agi</span> <span class='ocrx_word' id='word_1_73' title='bbox 1433 819 1526 845; x_wconf 79' lang='lat' dir='ltr'>curn</span> <span class='ocrx_word' id='word_1_74' title='bbox 1556 806 1620 845; x_wconf 91' lang='lat' dir='ltr'>his</span> 
     </span>
    </p>

    <p class='ocr_par' dir='ltr' id='par_1_7' title="bbox 135 863 1621 1029">
     <span class='ocr_line' id='line_1_12' title="bbox 135 863 1620 915; baseline 0 -14"><span class='ocrx_word' id='word_1_75' title='bbox 135 863 157 901; x_wconf 88' lang='lat'><strong>3</strong></span> <span class='ocrx_word' id='word_1_76' title='bbox 187 877 269 903; x_wconf 92' lang='lat' dir='ltr'>non</span> <span class='ocrx_word' id='word_1_77' title='bbox 297 870 446 915; x_wconf 89' lang='lat' dir='ltr'>potest.</span> <span class='ocrx_word' id='word_1_78' title='bbox 511 864 553 902; x_wconf 87' lang='lat' dir='ltr'>Si</span> <span class='ocrx_word' id='word_1_79' title='bbox 583 863 727 902; x_wconf 85' lang='lat' dir='ltr'>liberis</span> <span class='ocrx_word' id='word_1_80' title='bbox 758 864 830 915; x_wconf 91' lang='lat' dir='ltr'>qui</span> <span class='ocrx_word' id='word_1_81' title='bbox 862 865 903 902; x_wconf 89' lang='lat' dir='ltr'>in</span> <span class='ocrx_word' id='word_1_82' title='bbox 934 869 1139 915; x_wconf 79' lang='lat' dir='ltr'>potestate</span> <span class='ocrx_word' id='word_1_83' title='bbox 1174 870 1271 902; x_wconf 90' lang='lat' dir='ltr'>sunt</span> <span class='ocrx_word' id='word_1_84' title='bbox 1298 870 1369 902; x_wconf 87' lang='lat' dir='ltr'>aut</span> <span class='ocrx_word' id='word_1_85' title='bbox 1401 864 1519 902; x_wconf 82' lang='lat' dir='ltr'>uxori</span> <span class='ocrx_word' id='word_1_86' title='bbox 1551 863 1620 901; x_wconf 85' lang='lat' dir='ltr'>fiat</span> 
     </span>
     <span class='ocr_line' id='line_1_13' title="bbox 186 920 1621 972; baseline -0.001 -12"><span class='ocrx_word' id='word_1_87' title='bbox 186 921 362 971; x_wconf 87' lang='lat' dir='ltr'>iniuria,</span> <span class='ocrx_word' id='word_1_88' title='bbox 398 926 537 960; x_wconf 82' lang='lat' dir='ltr'>nostra</span> <span class='ocrx_word' id='word_1_89' title='bbox 558 920 732 960; x_wconf 89' lang='lat' dir='ltr'>interest</span> <span class='ocrx_word' id='word_1_90' title='bbox 753 921 992 960; x_wconf 89' lang='lat' dir='ltr'>uindicare:</span> <span class='ocrx_word' id='word_1_91' title='bbox 1026 920 1206 971; x_wconf 90' lang='lat' dir='ltr'>ideoque</span> <span class='ocrx_word' id='word_1_92' title='bbox 1237 933 1313 972; x_wconf 90' lang='lat' dir='ltr'>per</span> <span class='ocrx_word' id='word_1_93' title='bbox 1333 933 1407 959; x_wconf 91' lang='lat' dir='ltr'>nos</span> <span class='ocrx_word' id='word_1_94' title='bbox 1427 921 1531 959; x_wconf 87' lang='lat' dir='ltr'>actio</span> <span class='ocrx_word' id='word_1_95' title='bbox 1555 920 1621 958; x_wconf 87' lang='lat' dir='ltr'>in-</span> 
     </span>
     <span class='ocr_line' id='line_1_14' title="bbox 187 976 1619 1029; baseline -0.001 -12"><span class='ocrx_word' id='word_1_96' title='bbox 187 979 287 1017; x_wconf 87' lang='lat' dir='ltr'>ferri</span> <span class='ocrx_word' id='word_1_97' title='bbox 304 984 452 1029; x_wconf 85' lang='lat' dir='ltr'>potest,</span> <span class='ocrx_word' id='word_1_98' title='bbox 478 978 512 1016; x_wconf 94' lang='lat' dir='ltr'>si</span> <span class='ocrx_word' id='word_1_99' title='bbox 530 976 649 1016; x_wconf 92' lang='lat' dir='ltr'>modo</span> <span class='ocrx_word' id='word_1_100' title='bbox 673 979 707 1016; x_wconf 93' lang='lat' dir='ltr'>is</span> <span class='ocrx_word' id='word_1_101' title='bbox 724 979 796 1029; x_wconf 91' lang='lat' dir='ltr'>qui</span> <span class='ocrx_word' id='word_1_102' title='bbox 819 977 915 1016; x_wconf 85' lang='lat' dir='ltr'>fecit</span> <span class='ocrx_word' id='word_1_103' title='bbox 932 978 973 1016; x_wconf 79' lang='lat' dir='ltr'>z&#39;n</span> <span class='ocrx_word' id='word_1_104' title='bbox 990 978 1185 1016; x_wconf 87' lang='lat' dir='ltr'>iniuriam</span> <span class='ocrx_word' id='word_1_105' title='bbox 1202 983 1385 1016; x_wconf 85' lang='lat' dir='ltr'>nostram</span> <span class='ocrx_word' id='word_1_106' title='bbox 1408 976 1451 1016; x_wconf 93' lang='lat' dir='ltr'>id</span> <span class='ocrx_word' id='word_1_107' title='bbox 1473 976 1619 1016; x_wconf 87' lang='lat' dir='ltr'>fecisse</span> 
     </span>
    </p>

    <p class='ocr_par' dir='ltr' id='par_1_8' title="bbox 138 1033 1622 1199">
     <span class='ocr_line' id='line_1_15' title="bbox 138 1033 1619 1085; baseline 0 -13"><span class='ocrx_word' id='word_1_108' title='bbox 138 1035 159 1072; x_wconf 79' lang='lat'><strong>4</strong></span> <span class='ocrx_word' id='word_1_109' title='bbox 187 1035 398 1075; x_wconf 81' lang='lat' dir='ltr'>doceatur.</span> <span class='ocrx_word' id='word_1_110' title='bbox 448 1034 617 1085; x_wconf 90' lang='lat' dir='ltr'>Corpori</span> <span class='ocrx_word' id='word_1_111' title='bbox 640 1035 792 1073; x_wconf 88' lang='lat' dir='ltr'>iniuria</span> <span class='ocrx_word' id='word_1_112' title='bbox 816 1033 1017 1085; x_wconf 88' lang='lat' dir='ltr'>infertur,</span> <span class='ocrx_word' id='word_1_113' title='bbox 1052 1047 1145 1073; x_wconf 90' lang='lat' dir='ltr'>cum</span> <span class='ocrx_word' id='word_1_114' title='bbox 1169 1034 1264 1085; x_wconf 90' lang='lat' dir='ltr'>quis</span> <span class='ocrx_word' id='word_1_115' title='bbox 1286 1035 1477 1085; x_wconf 80' lang='lat' dir='ltr'>pulsatur</span> <span class='ocrx_word' id='word_1_116' title='bbox 1498 1035 1619 1073; x_wconf 74' lang='lat' dir='ltr'>cuiue</span> 
     </span>
     <span class='ocr_line' id='line_1_16' title="bbox 187 1090 1621 1143; baseline -0.001 -12"><span class='ocrx_word' id='word_1_117' title='bbox 187 1099 380 1143; x_wconf 83' lang='lat' dir='ltr'>stuprum</span> <span class='ocrx_word' id='word_1_118' title='bbox 403 1090 582 1130; x_wconf 83' lang='lat' dir='ltr'>infertur</span> <span class='ocrx_word' id='word_1_119' title='bbox 603 1098 674 1130; x_wconf 91' lang='lat' dir='ltr'>aut</span> <span class='ocrx_word' id='word_1_120' title='bbox 694 1090 746 1130; x_wconf 91' lang='lat' dir='ltr'>de</span> <span class='ocrx_word' id='word_1_121' title='bbox 767 1097 910 1143; x_wconf 90' lang='lat' dir='ltr'>stupro</span> <span class='ocrx_word' id='word_1_122' title='bbox 933 1091 1237 1142; x_wconf 79' lang='lat' dir='ltr'>interpellatur.</span> <span class='ocrx_word' id='word_1_123' title='bbox 1282 1103 1389 1142; x_wconf 88' lang='lat' dir='ltr'>quae</span> <span class='ocrx_word' id='word_1_124' title='bbox 1413 1103 1480 1130; x_wconf 90' lang='lat' dir='ltr'>res</span> <span class='ocrx_word' id='word_1_125' title='bbox 1501 1098 1621 1129; x_wconf 81' lang='lat' dir='ltr'>extra</span> 
     </span>
     <span class='ocr_line' id='line_1_17' title="bbox 187 1147 1622 1199; baseline -0.001 -12"><span class='ocrx_word' id='word_1_126' title='bbox 187 1148 377 1188; x_wconf 86' lang='lat' dir='ltr'>ordinem</span> <span class='ocrx_word' id='word_1_127' title='bbox 398 1147 650 1198; x_wconf 88' lang='lat' dir='ltr'>uindicatur,</span> <span class='ocrx_word' id='word_1_128' title='bbox 677 1148 731 1187; x_wconf 89' lang='lat' dir='ltr'>ita</span> <span class='ocrx_word' id='word_1_129' title='bbox 752 1154 798 1187; x_wconf 87' lang='lat' dir='ltr'>ut</span> <span class='ocrx_word' id='word_1_130' title='bbox 819 1148 998 1199; x_wconf 87' lang='lat' dir='ltr'>pulsatio</span> <span class='ocrx_word' id='word_1_131' title='bbox 1015 1147 1186 1199; x_wconf 88' lang='lat' dir='ltr'>pudoris</span> <span class='ocrx_word' id='word_1_132' title='bbox 1206 1161 1340 1199; x_wconf 86' lang='lat' dir='ltr'>poena</span> <span class='ocrx_word' id='word_1_133' title='bbox 1357 1149 1504 1199; x_wconf 85' lang='lat' dir='ltr'>capitis</span> <span class='ocrx_word' id='word_1_134' title='bbox 1524 1148 1622 1186; x_wconf 90' lang='lat' dir='ltr'>uin-</span> 
     </span>
    </p>

    <p class='ocr_par' dir='ltr' id='par_1_9' title="bbox 137 1205 1626 1370">
     <span class='ocr_line' id='line_1_18' title="bbox 137 1205 1623 1256; baseline -0.001 -13"><span class='ocrx_word' id='word_1_135' title='bbox 137 1205 160 1243; x_wconf 84' lang='lat'>5</span> <span class='ocrx_word' id='word_1_136' title='bbox 188 1205 367 1245; x_wconf 88' lang='lat' dir='ltr'>dicetur.</span> <span class='ocrx_word' id='word_1_137' title='bbox 430 1205 723 1244; x_wconf 85' lang='lat' dir='ltr'>Sollicitatores</span> <span class='ocrx_word' id='word_1_138' title='bbox 751 1205 986 1244; x_wconf 87' lang='lat' dir='ltr'>alienarum</span> <span class='ocrx_word' id='word_1_139' title='bbox 1007 1205 1250 1256; x_wconf 72' lang='lat' dir='ltr'>nuptiarum</span> <span class='ocrx_word' id='word_1_140' title='bbox 1271 1205 1456 1256; x_wconf 89' lang='lat' dir='ltr'>itemque</span> <span class='ocrx_word' id='word_1_141' title='bbox 1479 1205 1623 1243; x_wconf 88' lang='lat' dir='ltr'>matri-</span> 
     </span>
     <span class='ocr_line' id='line_1_19' title="bbox 188 1262 1626 1313; baseline -0.001 -12"><span class='ocrx_word' id='word_1_142' title='bbox 188 1262 422 1301; x_wconf 89' lang='lat' dir='ltr'>moniorum</span> <span class='ocrx_word' id='word_1_143' title='bbox 444 1262 776 1313; x_wconf 82' lang='lat' dir='ltr'>interpellatores</span> <span class='ocrx_word' id='word_1_144' title='bbox 799 1268 839 1301; x_wconf 89' lang='lat' dir='ltr'>et</span> <span class='ocrx_word' id='word_1_145' title='bbox 860 1263 894 1301; x_wconf 91' lang='lat' dir='ltr'>si</span> <span class='ocrx_word' id='word_1_146' title='bbox 913 1262 1064 1301; x_wconf 86' lang='lat' dir='ltr'>effectu</span> <span class='ocrx_word' id='word_1_147' title='bbox 1085 1262 1256 1301; x_wconf 86' lang='lat' dir='ltr'>sceleris</span> <span class='ocrx_word' id='word_1_148' title='bbox 1278 1262 1403 1313; x_wconf 86' lang='lat' dir='ltr'>potiri</span> <span class='ocrx_word' id='word_1_149' title='bbox 1424 1274 1506 1300; x_wconf 90' lang='lat' dir='ltr'>non</span> <span class='ocrx_word' id='word_1_150' title='bbox 1527 1273 1626 1312; x_wconf 89' lang='lat' dir='ltr'>pos—</span> 
     </span>
     <span class='ocr_line' id='line_1_20' title="bbox 188 1317 1621 1370; baseline -0.001 -12"><span class='ocrx_word' id='word_1_151' title='bbox 188 1320 285 1368; x_wconf 85' lang='lat' dir='ltr'>sint,</span> <span class='ocrx_word' id='word_1_152' title='bbox 310 1325 482 1370; x_wconf 87' lang='lat' dir='ltr'>propter</span> <span class='ocrx_word' id='word_1_153' title='bbox 503 1319 761 1358; x_wconf 89' lang='lat' dir='ltr'>uoluntatem</span> <span class='ocrx_word' id='word_1_154' title='bbox 783 1320 1041 1370; x_wconf 72' lang='lat' dir='ltr'>perniciosae</span> <span class='ocrx_word' id='word_1_155' title='bbox 1071 1318 1260 1358; x_wconf 87' lang='lat' dir='ltr'>libidinis</span> <span class='ocrx_word' id='word_1_156' title='bbox 1283 1325 1402 1358; x_wconf 78' lang='lat' dir='ltr'>extra</span> <span class='ocrx_word' id='word_1_157' title='bbox 1433 1317 1621 1357; x_wconf 88' lang='lat' dir='ltr'>ordinem</span> 
     </span>
    </p>

    <p class='ocr_par' dir='ltr' id='par_1_10' title="bbox 139 1375 1624 1484">
     <span class='ocr_line' id='line_1_21' title="bbox 139 1375 1624 1428; baseline -0.001 -14"><span class='ocrx_word' id='word_1_158' title='bbox 139 1376 161 1414; x_wconf 83' lang='lat'>6</span> <span class='ocrx_word' id='word_1_159' title='bbox 188 1377 436 1428; x_wconf 88' lang='lat' dir='ltr'>puniuntur.</span> <span class='ocrx_word' id='word_1_160' title='bbox 508 1375 755 1415; x_wconf 72' lang='lat' dir='ltr'>Iniuriarum</span> <span class='ocrx_word' id='word_1_161' title='bbox 786 1376 890 1415; x_wconf 87' lang='lat' dir='ltr'>actio</span> <span class='ocrx_word' id='word_1_162' title='bbox 922 1382 993 1415; x_wconf 90' lang='lat' dir='ltr'>aut</span> <span class='ocrx_word' id='word_1_163' title='bbox 1022 1376 1112 1427; x_wconf 76' lang='lat' dir='ltr'>lege</span> <span class='ocrx_word' id='word_1_164' title='bbox 1144 1382 1214 1415; x_wconf 84' lang='lat' dir='ltr'>aut</span> <span class='ocrx_word' id='word_1_165' title='bbox 1249 1388 1363 1414; x_wconf 88' lang='lat' dir='ltr'>more</span> <span class='ocrx_word' id='word_1_166' title='bbox 1395 1381 1466 1414; x_wconf 87' lang='lat' dir='ltr'>aut</span> <span class='ocrx_word' id='word_1_167' title='bbox 1497 1377 1624 1413; x_wconf 79' lang='lat' dir='ltr'>mixto</span> 
     </span>
     <span class='ocr_line' id='line_1_22' title="bbox 189 1431 1624 1484; baseline -0.001 -12"><span class='ocrx_word' id='word_1_168' title='bbox 189 1435 278 1472; x_wconf 89' lang='lat' dir='ltr'>iure</span> <span class='ocrx_word' id='word_1_169' title='bbox 302 1432 533 1472; x_wconf 82' lang='lat' dir='ltr'>introducta</span> <span class='ocrx_word' id='word_1_170' title='bbox 554 1438 631 1472; x_wconf 88' lang='lat' dir='ltr'>est.</span> <span class='ocrx_word' id='word_1_171' title='bbox 665 1433 757 1484; x_wconf 79' lang='lat' dir='ltr'>lege</span> <span class='ocrx_word' id='word_1_172' title='bbox 780 1432 999 1472; x_wconf 88' lang='lat' dir='ltr'>duodecim</span> <span class='ocrx_word' id='word_1_173' title='bbox 1020 1432 1257 1472; x_wconf 83' lang='lat' dir='ltr'>tabularum</span> <span class='ocrx_word' id='word_1_174' title='bbox 1280 1432 1332 1471; x_wconf 91' lang='lat' dir='ltr'>de</span> <span class='ocrx_word' id='word_1_175' title='bbox 1350 1431 1516 1471; x_wconf 87' lang='lat' dir='ltr'>famosis</span> <span class='ocrx_word' id='word_1_176' title='bbox 1533 1445 1624 1471; x_wconf 85' lang='lat' dir='ltr'>car-</span> 
     </span>
    </p>

    <p class='ocr_par' dir='ltr' id='par_1_11' title="bbox 139 1489 1625 1598">
     <span class='ocr_line' id='line_1_23' title="bbox 139 1489 1625 1541; baseline -0.001 -12"><span class='ocrx_word' id='word_1_177' title='bbox 139 1489 162 1528; x_wconf 84' lang='lat'>&#39;7</span> <span class='ocrx_word' id='word_1_178' title='bbox 190 1489 388 1540; x_wconf 81' lang='lat' dir='ltr'>minibus,</span> <span class='ocrx_word' id='word_1_179' title='bbox 425 1489 622 1529; x_wconf 85' lang='lat' dir='ltr'>membris</span> <span class='ocrx_word' id='word_1_180' title='bbox 654 1490 790 1541; x_wconf 86' lang='lat' dir='ltr'>ruptis</span> <span class='ocrx_word' id='word_1_181' title='bbox 823 1496 863 1528; x_wconf 87' lang='lat' dir='ltr'>et</span> <span class='ocrx_word' id='word_1_182' title='bbox 893 1489 1055 1529; x_wconf 85' lang='lat' dir='ltr'>ossibus</span> <span class='ocrx_word' id='word_1_183' title='bbox 1078 1489 1232 1529; x_wconf 71' lang='lat' dir='ltr'>fractis,</span> <span class='ocrx_word' id='word_1_184' title='bbox 1287 1489 1484 1539; x_wconf 88' lang='lat' dir='ltr'>Moribus,</span> <span class='ocrx_word' id='word_1_185' title='bbox 1520 1502 1625 1540; x_wconf 90' lang='lat' dir='ltr'>quo-</span> 
     </span>
     <span class='ocr_line' id='line_1_24' title="bbox 188 1546 1621 1598; baseline -0.001 -12"><span class='ocrx_word' id='word_1_186' title='bbox 188 1548 298 1586; x_wconf 81' lang='lat' dir='ltr'>tiens</span> <span class='ocrx_word' id='word_1_187' title='bbox 314 1547 468 1586; x_wconf 86' lang='lat' dir='ltr'>factum</span> <span class='ocrx_word' id='word_1_188' title='bbox 486 1560 560 1598; x_wconf 92' lang='lat' dir='ltr'>pro</span> <span class='ocrx_word' id='word_1_189' title='bbox 577 1547 776 1598; x_wconf 76' lang='lat' dir='ltr'>qualitate</span> <span class='ocrx_word' id='word_1_190' title='bbox 794 1547 858 1585; x_wconf 91' lang='lat' dir='ltr'>sui</span> <span class='ocrx_word' id='word_1_191' title='bbox 880 1546 1051 1585; x_wconf 89' lang='lat' dir='ltr'>arbitrio</span> <span class='ocrx_word' id='word_1_192' title='bbox 1069 1546 1220 1586; x_wconf 89' lang='lat' dir='ltr'>iudicis</span> <span class='ocrx_word' id='word_1_193' title='bbox 1242 1547 1498 1597; x_wconf 87' lang='lat' dir='ltr'>aestimatur,</span> <span class='ocrx_word' id='word_1_194' title='bbox 1526 1559 1621 1585; x_wconf 85' lang='lat' dir='ltr'>con-</span> 
     </span>
    </p>

    <p class='ocr_par' dir='ltr' id='par_1_12' title="bbox 140 1603 1627 1883">
     <span class='ocr_line' id='line_1_25' title="bbox 140 1603 1625 1655; baseline 0 -13"><span class='ocrx_word' id='word_1_195' title='bbox 140 1604 163 1642; x_wconf 85' lang='lat'><em>8</em></span> <span class='ocrx_word' id='word_1_196' title='bbox 192 1605 379 1655; x_wconf 77' lang='lat' dir='ltr'>gruentis</span> <span class='ocrx_word' id='word_1_197' title='bbox 400 1616 558 1655; x_wconf 89' lang='lat' dir='ltr'>poenae</span> <span class='ocrx_word' id='word_1_198' title='bbox 582 1603 788 1655; x_wconf 91' lang='lat' dir='ltr'>supplicio</span> <span class='ocrx_word' id='word_1_199' title='bbox 809 1603 1062 1643; x_wconf 85' lang='lat' dir='ltr'>uindicatur.</span> <span class='ocrx_word' id='word_1_200' title='bbox 1126 1605 1250 1643; x_wconf 82' lang='lat' dir='ltr'>Mixto</span> <span class='ocrx_word' id='word_1_201' title='bbox 1273 1605 1363 1643; x_wconf 91' lang='lat' dir='ltr'>iure</span> <span class='ocrx_word' id='word_1_202' title='bbox 1385 1604 1489 1642; x_wconf 86' lang='lat' dir='ltr'>actio</span> <span class='ocrx_word' id='word_1_203' title='bbox 1513 1603 1625 1642; x_wconf 94' lang='lat' dir='ltr'>iniu-</span> 
     </span>
     <span class='ocr_line' id='line_1_26' title="bbox 190 1660 1618 1712; baseline -0.001 -12"><span class='ocrx_word' id='word_1_204' title='bbox 190 1662 345 1700; x_wconf 79' lang='lat' dir='ltr'>riarum</span> <span class='ocrx_word' id='word_1_205' title='bbox 366 1673 418 1700; x_wconf 87' lang='lat' dir='ltr'>ex</span> <span class='ocrx_word' id='word_1_206' title='bbox 438 1661 528 1712; x_wconf 77' lang='lat' dir='ltr'>lege</span> <span class='ocrx_word' id='word_1_207' title='bbox 551 1660 741 1699; x_wconf 86' lang='lat' dir='ltr'>Cornelia</span> <span class='ocrx_word' id='word_1_208' title='bbox 762 1661 1048 1711; x_wconf 80' lang='lat' dir='ltr'>constituitur,</span> <span class='ocrx_word' id='word_1_209' title='bbox 1083 1661 1277 1712; x_wconf 90' lang='lat' dir='ltr'>quotiens</span> <span class='ocrx_word' id='word_1_210' title='bbox 1299 1661 1394 1712; x_wconf 89' lang='lat' dir='ltr'>quis</span> <span class='ocrx_word' id='word_1_211' title='bbox 1416 1660 1618 1711; x_wconf 80' lang='lat' dir='ltr'>pulsatur,</span> 
     </span>
     <span class='ocr_line' id='line_1_27' title="bbox 189 1717 1624 1769; baseline -0.001 -13"><span class='ocrx_word' id='word_1_212' title='bbox 189 1718 259 1757; x_wconf 93' lang='lat' dir='ltr'>uel</span> <span class='ocrx_word' id='word_1_213' title='bbox 282 1718 401 1757; x_wconf 89' lang='lat' dir='ltr'>cuius</span> <span class='ocrx_word' id='word_1_214' title='bbox 423 1717 570 1757; x_wconf 91' lang='lat' dir='ltr'>domus</span> <span class='ocrx_word' id='word_1_215' title='bbox 587 1718 781 1756; x_wconf 90' lang='lat' dir='ltr'>introitur</span> <span class='ocrx_word' id='word_1_216' title='bbox 811 1717 863 1756; x_wconf 88' lang='lat' dir='ltr'>ab</span> <span class='ocrx_word' id='word_1_217' title='bbox 886 1717 973 1768; x_wconf 89' lang='lat' dir='ltr'>his,</span> <span class='ocrx_word' id='word_1_218' title='bbox 1000 1718 1072 1769; x_wconf 91' lang='lat' dir='ltr'>qui</span> <span class='ocrx_word' id='word_1_219' title='bbox 1094 1718 1218 1769; x_wconf 81' lang='lat' dir='ltr'>uulgo</span> <span class='ocrx_word' id='word_1_220' title='bbox 1241 1717 1454 1756; x_wconf 85' lang='lat' dir='ltr'>directarii</span> <span class='ocrx_word' id='word_1_221' title='bbox 1477 1718 1624 1768; x_wconf 86' lang='lat' dir='ltr'>appel-</span> 
     </span>
     <span class='ocr_line' id='line_1_28' title="bbox 189 1773 1624 1826; baseline 0 -13"><span class='ocrx_word' id='word_1_222' title='bbox 189 1775 343 1814; x_wconf 86' lang='lat' dir='ltr'>lantur.</span> <span class='ocrx_word' id='word_1_223' title='bbox 407 1774 450 1813; x_wconf 90' lang='lat' dir='ltr'>in</span> <span class='ocrx_word' id='word_1_224' title='bbox 479 1787 583 1826; x_wconf 87' lang='lat' dir='ltr'>quos</span> <span class='ocrx_word' id='word_1_225' title='bbox 613 1781 731 1813; x_wconf 84' lang='lat' dir='ltr'>extra</span> <span class='ocrx_word' id='word_1_226' title='bbox 753 1773 943 1813; x_wconf 86' lang='lat' dir='ltr'>ordinem</span> <span class='ocrx_word' id='word_1_227' title='bbox 965 1774 1337 1824; x_wconf 84' lang='lat' dir='ltr'>animaduertitur,</span> <span class='ocrx_word' id='word_1_228' title='bbox 1364 1775 1419 1813; x_wconf 82' lang='lat' dir='ltr'>ita</span> <span class='ocrx_word' id='word_1_229' title='bbox 1442 1780 1486 1814; x_wconf 91' lang='lat' dir='ltr'>ut</span> <span class='ocrx_word' id='word_1_230' title='bbox 1507 1775 1624 1825; x_wconf 91' lang='lat' dir='ltr'>prius</span> 
     </span>
     <span class='ocr_line' id='line_1_29' title="bbox 190 1830 1627 1883; baseline -0.001 -13"><span class='ocrx_word' id='word_1_231' title='bbox 190 1832 423 1883; x_wconf 76' lang='lat' dir='ltr'>ingruentis</span> <span class='ocrx_word' id='word_1_232' title='bbox 445 1831 662 1871; x_wconf 91' lang='lat' dir='ltr'>consilium</span> <span class='ocrx_word' id='word_1_233' title='bbox 686 1844 761 1883; x_wconf 89' lang='lat' dir='ltr'>pro</span> <span class='ocrx_word' id='word_1_234' title='bbox 779 1830 899 1870; x_wconf 90' lang='lat' dir='ltr'>modo</span> <span class='ocrx_word' id='word_1_235' title='bbox 921 1838 1177 1871; x_wconf 86' lang='lat' dir='ltr'>commentae</span> <span class='ocrx_word' id='word_1_236' title='bbox 1200 1830 1359 1871; x_wconf 87' lang='lat' dir='ltr'>fraudis</span> <span class='ocrx_word' id='word_1_237' title='bbox 1375 1844 1508 1883; x_wconf 86' lang='lat' dir='ltr'>poena</span> <span class='ocrx_word' id='word_1_238' title='bbox 1529 1832 1627 1870; x_wconf 93' lang='lat' dir='ltr'>uin-</span> 
     </span>
    </p>

    <p class='ocr_par' dir='ltr' id='par_1_13' title="bbox 141 1888 1626 1997">
     <span class='ocr_line' id='line_1_30' title="bbox 141 1888 1626 1940; baseline 0 -14"><span class='ocrx_word' id='word_1_239' title='bbox 141 1889 164 1926; x_wconf 83' lang='lat'>9</span> <span class='ocrx_word' id='word_1_240' title='bbox 192 1888 355 1927; x_wconf 89' lang='lat' dir='ltr'>dicetur</span> <span class='ocrx_word' id='word_1_241' title='bbox 385 1889 500 1927; x_wconf 80' lang='lat' dir='ltr'>exilii</span> <span class='ocrx_word' id='word_1_242' title='bbox 522 1895 592 1928; x_wconf 87' lang='lat' dir='ltr'>aut</span> <span class='ocrx_word' id='word_1_243' title='bbox 614 1889 769 1928; x_wconf 86' lang='lat' dir='ltr'>metalli</span> <span class='ocrx_word' id='word_1_244' title='bbox 791 1894 862 1927; x_wconf 89' lang='lat' dir='ltr'>aut</span> <span class='ocrx_word' id='word_1_245' title='bbox 893 1889 1030 1940; x_wconf 91' lang='lat' dir='ltr'>operis</span> <span class='ocrx_word' id='word_1_246' title='bbox 1052 1888 1228 1940; x_wconf 89' lang='lat' dir='ltr'>publici.</span> <span class='ocrx_word' id='word_1_247' title='bbox 1291 1889 1543 1927; x_wconf 83' lang='lat' dir='ltr'>Iniuriarum</span> <span class='ocrx_word' id='word_1_248' title='bbox 1566 1889 1626 1926; x_wconf 86' lang='lat' dir='ltr'>ci-</span> 
     </span>
     <span class='ocr_line' id='line_1_31' title="bbox 190 1944 1626 1997; baseline 0 -14"><span class='ocrx_word' id='word_1_249' title='bbox 190 1945 334 1984; x_wconf 88' lang='lat' dir='ltr'>uiliter</span> <span class='ocrx_word' id='word_1_250' title='bbox 355 1944 574 1984; x_wconf 86' lang='lat' dir='ltr'>damnatus</span> <span class='ocrx_word' id='word_1_251' title='bbox 596 1947 772 1997; x_wconf 88' lang='lat' dir='ltr'>eiusque</span> <span class='ocrx_word' id='word_1_252' title='bbox 804 1946 1132 1985; x_wconf 82' lang='lat' dir='ltr'>aestimationem</span> <span class='ocrx_word' id='word_1_253' title='bbox 1155 1945 1310 1984; x_wconf 88' lang='lat' dir='ltr'>inferre</span> <span class='ocrx_word' id='word_1_254' title='bbox 1332 1946 1469 1984; x_wconf 92' lang='lat' dir='ltr'>iussus</span> <span class='ocrx_word' id='word_1_255' title='bbox 1491 1944 1626 1984; x_wconf 85' lang='lat' dir='ltr'>famo—</span> 
     </span>
    </p>

    <p class='ocr_par' dir='ltr' id='par_1_14' title="bbox 116 2001 1625 2053">
     <span class='ocr_line' id='line_1_32' title="bbox 116 2001 1625 2053; baseline 0.002 -14"><span class='ocrx_word' id='word_1_256' title='bbox 116 2001 164 2039; x_wconf 72' lang='lat'>40</span> <span class='ocrx_word' id='word_1_257' title='bbox 192 2014 263 2041; x_wconf 91' lang='lat' dir='ltr'>sus</span> <span class='ocrx_word' id='word_1_258' title='bbox 285 2001 478 2041; x_wconf 88' lang='lat' dir='ltr'>efficitur.</span> <span class='ocrx_word' id='word_1_259' title='bbox 540 2001 668 2041; x_wconf 76' lang='lat' dir='ltr'>Atrox</span> <span class='ocrx_word' id='word_1_260' title='bbox 695 2003 849 2042; x_wconf 87' lang='lat' dir='ltr'>iniuria</span> <span class='ocrx_word' id='word_1_261' title='bbox 878 2004 1122 2042; x_wconf 85' lang='lat' dir='ltr'>aestimatur</span> <span class='ocrx_word' id='word_1_262' title='bbox 1142 2009 1214 2042; x_wconf 86' lang='lat' dir='ltr'>aut</span> <span class='ocrx_word' id='word_1_263' title='bbox 1241 2003 1327 2041; x_wconf 89' lang='lat' dir='ltr'>loco</span> <span class='ocrx_word' id='word_1_264' title='bbox 1349 2008 1419 2042; x_wconf 83' lang='lat' dir='ltr'>aut</span> <span class='ocrx_word' id='word_1_265' title='bbox 1440 2009 1625 2053; x_wconf 87' lang='lat' dir='ltr'>tempore</span> 
     </span>
    </p>
   </div>
   <div class='ocr_carea' id='block_1_6' title="bbox 194 2115 1621 2123">
    <p class='ocr_par' dir='ltr' id='par_1_15' title="bbox 194 2115 1621 2123">
     <span class='ocr_line' id='line_1_33' title="bbox 194 2115 1621 2123; baseline -0.001 -1"><span class='ocrx_word' id='word_1_266' title='bbox 194 2115 333 2122; x_wconf 30' lang='lat' dir='ltr'>mlxxx-*Ares-</span> <span class='ocrx_word' id='word_1_267' title='bbox 345 2116 383 2121; x_wconf 31' lang='grc' dir='ltr'>Ὃ»</span> <span class='ocrx_word' id='word_1_268' title='bbox 391 2116 417 2121; x_wconf 29' lang='grc' dir='ltr'>»ἃ</span> <span class='ocrx_word' id='word_1_269' title='bbox 428 2115 555 2122; x_wconf 36' lang='grc' dir='ltr'>«Ἀλπφνψ</span> <span class='ocrx_word' id='word_1_270' title='bbox 565 2115 731 2122; x_wconf 30' lang='grc' dir='ltr'>»κωπιχωχΛΆ</span> <span class='ocrx_word' id='word_1_271' title='bbox 738 2116 748 2119; x_wconf 47' lang='grc'><em>»</em></span> <span class='ocrx_word' id='word_1_272' title='bbox 788 2117 791 2119; x_wconf 58' lang='lat'><strong><em>—</em></strong></span> <span class='ocrx_word' id='word_1_273' title='bbox 799 2116 861 2123; x_wconf 36' lang='lat' dir='ltr'>„ss-J,</span> <span class='ocrx_word' id='word_1_274' title='bbox 869 2116 874 2120; x_wconf 42' lang='lat' dir='ltr'>x</span> <span class='ocrx_word' id='word_1_275' title='bbox 884 2116 937 2123; x_wconf 42' lang='lat' dir='ltr'>maxa</span> <span class='ocrx_word' id='word_1_276' title='bbox 945 2117 957 2121; x_wconf 83' lang='grc'>,.</span> <span class='ocrx_word' id='word_1_277' title='bbox 967 2116 1021 2123; x_wconf 56' lang='lat' dir='ltr'>rxsw-</span> <span class='ocrx_word' id='word_1_278' title='bbox 1030 2118 1041 2121; x_wconf 43' lang='lat' dir='ltr'>v.</span> <span class='ocrx_word' id='word_1_279' title='bbox 1059 2118 1061 2120; x_wconf 84' lang='lat'><em>.</em></span> <span class='ocrx_word' id='word_1_280' title='bbox 1072 2115 1431 2123; x_wconf 39' lang='lat' dir='ltr'>(Maxmfxmfxnmmaex</span> <span class='ocrx_word' id='word_1_281' title='bbox 1442 2116 1501 2123; x_wconf 39' lang='grc' dir='ltr'>«η’,</span> <span class='ocrx_word' id='word_1_282' title='bbox 1507 2116 1537 2121; x_wconf 32' lang='lat' dir='ltr'>a«</span> <span class='ocrx_word' id='word_1_283' title='bbox 1551 2116 1555 2117; x_wconf 27' lang='grc' dir='ltr'><em>γ</em></span> <span class='ocrx_word' id='word_1_284' title='bbox 1576 2117 1579 2119; x_wconf 62' lang='grc'>,</span> <span class='ocrx_word' id='word_1_285' title='bbox 1588 2118 1590 2120; x_wconf 76' lang='grc'>,</span> <span class='ocrx_word' id='word_1_286' title='bbox 1613 2115 1621 2120; x_wconf 56' lang='grc'><strong><em>«</em></strong></span> 
     </span>
    </p>
   </div>
   <div class='ocr_carea' id='block_1_7' title="bbox 284 2172 775 2212">
    <p class='ocr_par' dir='ltr' id='par_1_16' title="bbox 284 2172 775 2212">
     <span class='ocr_line' id='line_1_34' title="bbox 284 2172 775 2212; baseline 0 -9"><span class='ocrx_word' id='word_1_287' title='bbox 284 2174 316 2212; x_wconf 74' lang='grc'>4,</span> <span class='ocrx_word' id='word_1_288' title='bbox 338 2172 513 2212; x_wconf 67' lang='grc' dir='ltr'>ὔεῦἰῃ.</span> <span class='ocrx_word' id='word_1_289' title='bbox 536 2173 589 2211; x_wconf 75' lang='lat'>47,</span> <span class='ocrx_word' id='word_1_290' title='bbox 611 2175 664 2210; x_wconf 78' lang='grc' dir='ltr'>Μ,</span> <span class='ocrx_word' id='word_1_291' title='bbox 686 2175 697 2202; x_wconf 74' lang='grc'>4</span> <span class='ocrx_word' id='word_1_292' title='bbox 718 2181 775 2212; x_wconf 79' lang='lat' dir='ltr'>pr.</span> 
     </span>
    </p>
   </div>
   <div class='ocr_carea' id='block_1_8' title="bbox 194 2262 259 2270">
    <p class='ocr_par' dir='ltr' id='par_1_17' title="bbox 194 2262 259 2270">
     <span class='ocr_line' id='line_1_35' title="bbox 194 2262 259 2270; baseline 0 0"><span class='ocrx_word' id='word_1_293' title='bbox 194 2262 259 2270; x_wconf 54' lang='lat' dir='ltr'>mxx-</span> 
     </span>
    </p>
   </div>
   <div class='ocr_carea' id='block_1_9' title="bbox 274 2262 390 2270">
    <p class='ocr_par' dir='ltr' id='par_1_18' title="bbox 274 2262 390 2270">
     <span class='ocr_line' id='line_1_36' title="bbox 274 2262 390 2270; baseline 0 811"><span class='ocrx_word' id='word_1_294' title='bbox 274 2262 390 2270; x_wconf 95' lang='lat' dir='ltr'> </span> 
     </span>
    </p>
   </div>
   <div class='ocr_carea' id='block_1_10' title="bbox 390 2261 1624 2271">
    <p class='ocr_par' dir='ltr' id='par_1_19' title="bbox 390 2261 1624 2271">
     <span class='ocr_line' id='line_1_37' title="bbox 390 2261 1624 2271; baseline 0 -2"><span class='ocrx_word' id='word_1_295' title='bbox 390 2262 462 2269; x_wconf 42' lang='lat' dir='ltr'>Anxffi„</span> <span class='ocrx_word' id='word_1_296' title='bbox 474 2263 486 2269; x_wconf 48' lang='lat' dir='ltr'><em>J</em></span> <span class='ocrx_word' id='word_1_297' title='bbox 495 2268 501 2269; x_wconf 25' lang='grc' dir='ltr'><strong><em>ἶ</em></strong></span> <span class='ocrx_word' id='word_1_298' title='bbox 510 2262 531 2269; x_wconf 26' lang='grc' dir='ltr'>«ἶ»</span> <span class='ocrx_word' id='word_1_299' title='bbox 553 2264 556 2267; x_wconf 26' lang='grc' dir='ltr'>κ</span> <span class='ocrx_word' id='word_1_300' title='bbox 573 2264 578 2267; x_wconf 59' lang='grc'><strong><em>»</em></strong></span> <span class='ocrx_word' id='word_1_301' title='bbox 586 2262 628 2269; x_wconf 41' lang='grc' dir='ltr'>«Α,</span> <span class='ocrx_word' id='word_1_302' title='bbox 638 2266 642 2269; x_wconf 42' lang='lat' dir='ltr'>r</span> <span class='ocrx_word' id='word_1_303' title='bbox 649 2262 733 2269; x_wconf 17' lang='lat' dir='ltr'>«ormo,</span> <span class='ocrx_word' id='word_1_304' title='bbox 740 2263 783 2270; x_wconf 42' lang='lat' dir='ltr'>vas«</span> <span class='ocrx_word' id='word_1_305' title='bbox 798 2263 832 2270; x_wconf 39' lang='grc' dir='ltr'>κη</span> <span class='ocrx_word' id='word_1_306' title='bbox 841 2263 867 2270; x_wconf 49' lang='lat' dir='ltr'>-s</span> <span class='ocrx_word' id='word_1_307' title='bbox 876 2263 953 2270; x_wconf 26' lang='lat' dir='ltr'>»stum«</span> <span class='ocrx_word' id='word_1_308' title='bbox 963 2263 1033 2271; x_wconf 51' lang='lat' dir='ltr'>«fv-„s-</span> <span class='ocrx_word' id='word_1_309' title='bbox 1040 2264 1054 2267; x_wconf 66' lang='lat'>1—</span> <span class='ocrx_word' id='word_1_310' title='bbox 1064 2264 1074 2267; x_wconf 41' lang='grc' dir='ltr'><strong><em>β</em></strong></span> <span class='ocrx_word' id='word_1_311' title='bbox 1083 2261 1624 2271; x_wconf 45' lang='grc' dir='ltr'>νυνννκΝΜΝνΜν-υψψ»,νκκνκη</span> 
     </span>
    </p>
   </div>
   <div class='ocr_carea' id='block_1_11' title="bbox 194 2330 1629 2687">
    <p class='ocr_par' dir='ltr' id='par_1_20' title="bbox 194 2330 1629 2687">
     <span class='ocr_line' id='line_1_38' title="bbox 286 2330 1628 2373; baseline -0.001 -11"><span class='ocrx_word' id='word_1_312' title='bbox 286 2333 304 2361; x_wconf 79' lang='lat'><strong>2</strong></span> <span class='ocrx_word' id='word_1_313' title='bbox 321 2340 386 2372; x_wconf 87' lang='lat' dir='ltr'>per</span> <span class='ocrx_word' id='word_1_314' title='bbox 403 2331 578 2362; x_wconf 82' lang='lat' dir='ltr'>incuriam</span> <span class='ocrx_word' id='word_1_315' title='bbox 597 2330 633 2368; x_wconf 90' lang='lat' dir='ltr'>L,</span> <span class='ocrx_word' id='word_1_316' title='bbox 656 2331 795 2362; x_wconf 86' lang='lat' dir='ltr'>incuria</span> <span class='ocrx_word' id='word_1_317' title='bbox 812 2339 936 2362; x_wconf 89' lang='lat' dir='ltr'>eorum</span> <span class='ocrx_word' id='word_1_318' title='bbox 956 2332 991 2363; x_wconf 92' lang='lat' dir='ltr'><em>M</em></span> <span class='ocrx_word' id='word_1_319' title='bbox 1029 2331 1043 2372; x_wconf 85' lang='grc'>11</span> <span class='ocrx_word' id='word_1_320' title='bbox 1083 2331 1183 2373; x_wconf 89' lang='lat' dir='ltr'>dupli</span> <span class='ocrx_word' id='word_1_321' title='bbox 1201 2333 1247 2370; x_wconf 85' lang='lat' dir='ltr'>M,</span> <span class='ocrx_word' id='word_1_322' title='bbox 1269 2332 1377 2373; x_wconf 91' lang='lat' dir='ltr'>duplo</span> <span class='ocrx_word' id='word_1_323' title='bbox 1396 2333 1421 2363; x_wconf 93' lang='lat' dir='ltr'><em>L</em></span> <span class='ocrx_word' id='word_1_324' title='bbox 1461 2330 1475 2370; x_wconf 85' lang='grc' dir='ltr'>ΙΙ</span> <span class='ocrx_word' id='word_1_325' title='bbox 1516 2333 1532 2361; x_wconf 89' lang='grc'><strong>3</strong></span> <span class='ocrx_word' id='word_1_326' title='bbox 1553 2340 1628 2362; x_wconf 88' lang='lat' dir='ltr'>sar-</span> 
     </span>
     <span class='ocr_line' id='line_1_39' title="bbox 194 2375 1622 2419; baseline -0.001 -11"><span class='ocrx_word' id='word_1_327' title='bbox 194 2377 268 2408; x_wconf 89' lang='lat' dir='ltr'>cire</span> <span class='ocrx_word' id='word_1_328' title='bbox 286 2377 349 2408; x_wconf 91' lang='lat' dir='ltr'>ML</span> <span class='ocrx_word' id='word_1_329' title='bbox 404 2376 417 2416; x_wconf 77' lang='lat'>1}</span> <span class='ocrx_word' id='word_1_330' title='bbox 474 2378 491 2406; x_wconf 89' lang='grc'>6</span> <span class='ocrx_word' id='word_1_331' title='bbox 511 2378 545 2407; x_wconf 88' lang='lat' dir='ltr'>et</span> <span class='ocrx_word' id='word_1_332' title='bbox 563 2376 608 2412; x_wconf 88' lang='lat' dir='ltr'>M,</span> <span class='ocrx_word' id='word_1_333' title='bbox 629 2378 689 2407; x_wconf 88' lang='lat' dir='ltr'>aut</span> <span class='ocrx_word' id='word_1_334' title='bbox 708 2376 732 2407; x_wconf 96' lang='lat' dir='ltr'><em>L</em></span> <span class='ocrx_word' id='word_1_335' title='bbox 783 2375 797 2416; x_wconf 85' lang='grc'>11</span> <span class='ocrx_word' id='word_1_336' title='bbox 849 2379 884 2407; x_wconf 79' lang='grc' dir='ltr'><strong><em>Μ</em></strong></span> <span class='ocrx_word' id='word_1_337' title='bbox 908 2385 972 2418; x_wconf 88' lang='lat' dir='ltr'>per</span> <span class='ocrx_word' id='word_1_338' title='bbox 989 2378 1035 2416; x_wconf 85' lang='lat' dir='ltr'>M,</span> <span class='ocrx_word' id='word_1_339' title='bbox 1057 2377 1197 2418; x_wconf 89' lang='lat' dir='ltr'>plenius</span> <span class='ocrx_word' id='word_1_340' title='bbox 1213 2386 1278 2419; x_wconf 88' lang='lat' dir='ltr'>per</span> <span class='ocrx_word' id='word_1_341' title='bbox 1296 2378 1320 2408; x_wconf 92' lang='lat' dir='ltr'><em>L</em></span> <span class='ocrx_word' id='word_1_342' title='bbox 1376 2377 1389 2416; x_wconf 75' lang='grc' dir='ltr'>ΙΙ</span> <span class='ocrx_word' id='word_1_343' title='bbox 1447 2379 1486 2406; x_wconf 71' lang='grc'>42</span> <span class='ocrx_word' id='word_1_344' title='bbox 1506 2377 1540 2407; x_wconf 88' lang='lat' dir='ltr'>in</span> <span class='ocrx_word' id='word_1_345' title='bbox 1559 2385 1622 2407; x_wconf 82' lang='lat' dir='ltr'>om.</span> 
     </span>
     <span class='ocr_line' id='line_1_40' title="bbox 194 2421 1628 2463; baseline 0 -10"><span class='ocrx_word' id='word_1_346' title='bbox 194 2423 322 2454; x_wconf 84' lang='lat' dir='ltr'>codices</span> <span class='ocrx_word' id='word_1_347' title='bbox 361 2421 374 2461; x_wconf 77' lang='grc'>11</span> <span class='ocrx_word' id='word_1_348' title='bbox 416 2424 454 2452; x_wconf 74' lang='grc'>43</span> <span class='ocrx_word' id='word_1_349' title='bbox 482 2424 587 2453; x_wconf 86' lang='lat' dir='ltr'>cuiue</span> <span class='ocrx_word' id='word_1_350' title='bbox 611 2421 780 2460; x_wconf 66' lang='lat' dir='ltr'>emacim,</span> <span class='ocrx_word' id='word_1_351' title='bbox 801 2423 930 2463; x_wconf 88' lang='lat' dir='ltr'>cuique</span> <span class='ocrx_word' id='word_1_352' title='bbox 947 2424 1074 2454; x_wconf 77' lang='lat' dir='ltr'>codices</span> <span class='ocrx_word' id='word_1_353' title='bbox 1114 2422 1127 2463; x_wconf 79' lang='grc' dir='ltr'>ΙΙ</span> <span class='ocrx_word' id='word_1_354' title='bbox 1169 2425 1207 2453; x_wconf 79' lang='grc'>44</span> <span class='ocrx_word' id='word_1_355' title='bbox 1235 2425 1296 2454; x_wconf 87' lang='lat' dir='ltr'>aut</span> <span class='ocrx_word' id='word_1_356' title='bbox 1313 2422 1355 2453; x_wconf 86' lang='lat' dir='ltr'>de</span> <span class='ocrx_word' id='word_1_357' title='bbox 1374 2424 1497 2463; x_wconf 86' lang='lat' dir='ltr'>stupro</span> <span class='ocrx_word' id='word_1_358' title='bbox 1516 2422 1628 2453; x_wconf 83' lang='lat' dir='ltr'>inter-</span> 
     </span>
     <span class='ocr_line' id='line_1_41' title="bbox 194 2465 1629 2509; baseline 0 -11"><span class='ocrx_word' id='word_1_359' title='bbox 194 2467 347 2508; x_wconf 87' lang='lat' dir='ltr'>pellatur</span> <span class='ocrx_word' id='word_1_360' title='bbox 362 2467 509 2507; x_wconf 78' lang='lat' dir='ltr'>fortasse</span> <span class='ocrx_word' id='word_1_361' title='bbox 526 2476 570 2498; x_wconf 70' lang='lat' dir='ltr'>ex</span> <span class='ocrx_word' id='word_1_362' title='bbox 588 2465 602 2508; x_wconf 83' lang='lat'>§</span> <span class='ocrx_word' id='word_1_363' title='bbox 618 2469 655 2497; x_wconf 72' lang='lat'>44</span> <span class='ocrx_word' id='word_1_364' title='bbox 678 2468 794 2498; x_wconf 78' lang='lat' dir='ltr'>addita</span> <span class='ocrx_word' id='word_1_365' title='bbox 809 2471 889 2499; x_wconf 82' lang='lat' dir='ltr'>sunt</span> <span class='ocrx_word' id='word_1_366' title='bbox 936 2468 948 2508; x_wconf 87' lang='grc' dir='ltr'>ΙΙ</span> <span class='ocrx_word' id='word_1_367' title='bbox 1002 2471 1041 2498; x_wconf 77' lang='grc'>47</span> <span class='ocrx_word' id='word_1_368' title='bbox 1068 2469 1206 2509; x_wconf 87' lang='lat' dir='ltr'>possint</span> <span class='ocrx_word' id='word_1_369' title='bbox 1223 2468 1261 2506; x_wconf 90' lang='lat' dir='ltr'>L,</span> <span class='ocrx_word' id='word_1_370' title='bbox 1281 2468 1392 2508; x_wconf 83' lang='lat' dir='ltr'>possit</span> <span class='ocrx_word' id='word_1_371' title='bbox 1410 2468 1456 2503; x_wconf 74' lang='lat' dir='ltr'>M,</span> <span class='ocrx_word' id='word_1_372' title='bbox 1477 2469 1629 2507; x_wconf 87' lang='lat' dir='ltr'>possunt</span> 
     </span>
     <span class='ocr_line' id='line_1_42' title="bbox 195 2512 1626 2553; baseline -0.001 -9"><span class='ocrx_word' id='word_1_373' title='bbox 195 2513 274 2552; x_wconf 71' lang='lat' dir='ltr'>Diq.</span> <span class='ocrx_word' id='word_1_374' title='bbox 332 2512 345 2552; x_wconf 80' lang='grc' dir='ltr'>ΙΙ</span> <span class='ocrx_word' id='word_1_375' title='bbox 401 2515 441 2543; x_wconf 77' lang='lat'>22</span> <span class='ocrx_word' id='word_1_376' title='bbox 461 2512 701 2553; x_wconf 78' lang='lat' dir='ltr'>congruentis]</span> <span class='ocrx_word' id='word_1_377' title='bbox 721 2514 783 2543; x_wconf 86' lang='lat' dir='ltr'>aut</span> <span class='ocrx_word' id='word_1_378' title='bbox 802 2521 924 2553; x_wconf 84' lang='lat' dir='ltr'>congr.</span> <span class='ocrx_word' id='word_1_379' title='bbox 943 2514 1097 2545; x_wconf 77' lang='lat' dir='ltr'>Huschke</span> <span class='ocrx_word' id='word_1_380' title='bbox 1151 2514 1164 2553; x_wconf 77' lang='grc' dir='ltr'>Η</span> <span class='ocrx_word' id='word_1_381' title='bbox 1220 2516 1260 2544; x_wconf 74' lang='lat'>25</span> <span class='ocrx_word' id='word_1_382' title='bbox 1280 2512 1420 2552; x_wconf 87' lang='lat' dir='ltr'>domus]</span> <span class='ocrx_word' id='word_1_383' title='bbox 1442 2512 1572 2543; x_wconf 88' lang='lat' dir='ltr'>domus</span> <span class='ocrx_word' id='word_1_384' title='bbox 1589 2514 1626 2543; x_wconf 90' lang='lat' dir='ltr'>ui</span> 
     </span>
     <span class='ocr_line' id='line_1_43' title="bbox 196 2557 1628 2598; baseline 0.001 -10"><span class='ocrx_word' id='word_1_385' title='bbox 196 2557 370 2589; x_wconf 79' lang='lat' dir='ltr'>Huschke:</span> <span class='ocrx_word' id='word_1_386' title='bbox 402 2559 564 2590; x_wconf 77' lang='lat' dir='ltr'>uidentur</span> <span class='ocrx_word' id='word_1_387' title='bbox 588 2561 700 2590; x_wconf 80' lang='lat' dir='ltr'>tamen</span> <span class='ocrx_word' id='word_1_388' title='bbox 721 2559 826 2597; x_wconf 82' lang='lat' dir='ltr'>plura</span> <span class='ocrx_word' id='word_1_389' title='bbox 850 2562 911 2591; x_wconf 81' lang='lat' dir='ltr'>aut</span> <span class='ocrx_word' id='word_1_390' title='bbox 935 2559 994 2590; x_wconf 84' lang='lat' dir='ltr'>hoc</span> <span class='ocrx_word' id='word_1_391' title='bbox 1018 2560 1088 2590; x_wconf 82' lang='lat' dir='ltr'>loco</span> <span class='ocrx_word' id='word_1_392' title='bbox 1113 2562 1173 2590; x_wconf 77' lang='lat' dir='ltr'>aut</span> <span class='ocrx_word' id='word_1_393' title='bbox 1193 2561 1270 2598; x_wconf 78' lang='lat' dir='ltr'>post</span> <span class='ocrx_word' id='word_1_394' title='bbox 1295 2559 1462 2589; x_wconf 83' lang='lat' dir='ltr'>introitur</span> <span class='ocrx_word' id='word_1_395' title='bbox 1486 2559 1628 2589; x_wconf 77' lang='lat' dir='ltr'>interci—</span> 
     </span>
     <span class='ocr_line' id='line_1_44' title="bbox 196 2600 1627 2644; baseline -0.001 -10"><span class='ocrx_word' id='word_1_396' title='bbox 196 2604 284 2634; x_wconf 75' lang='lat' dir='ltr'>disse</span> <span class='ocrx_word' id='word_1_397' title='bbox 322 2603 336 2643; x_wconf 77' lang='grc'>11</span> <span class='ocrx_word' id='word_1_398' title='bbox 376 2606 417 2634; x_wconf 75' lang='lat'>26</span> <span class='ocrx_word' id='word_1_399' title='bbox 430 2605 536 2644; x_wconf 61' lang='lat' dir='ltr'>&gt;prius</span> <span class='ocrx_word' id='word_1_400' title='bbox 554 2605 760 2644; x_wconf 74' lang='lat' dir='ltr'>ingruentes</span> <span class='ocrx_word' id='word_1_401' title='bbox 778 2604 829 2634; x_wconf 87' lang='lat' dir='ltr'>M:</span> <span class='ocrx_word' id='word_1_402' title='bbox 848 2603 938 2636; x_wconf 87' lang='lat' dir='ltr'>furis</span> <span class='ocrx_word' id='word_1_403' title='bbox 955 2605 1131 2636; x_wconf 85' lang='lat' dir='ltr'>inruentis</span> <span class='ocrx_word' id='word_1_404' title='bbox 1148 2613 1215 2635; x_wconf 85' lang='lat' dir='ltr'>scr.</span> <span class='ocrx_word' id='word_1_405' title='bbox 1236 2604 1405 2642; x_wconf 69' lang='lat' dir='ltr'>(similiter</span> <span class='ocrx_word' id='word_1_406' title='bbox 1423 2603 1589 2638; x_wconf 68' lang='lat' dir='ltr'>Huschke)</span> <span class='ocrx_word' id='word_1_407' title='bbox 1615 2600 1627 2644; x_wconf 85' lang='grc' dir='ltr'>ΙΙ</span> 
     </span>
     <span class='ocr_line' id='line_1_45' title="bbox 198 2649 1177 2687; baseline 0.002 -9"><span class='ocrx_word' id='word_1_408' title='bbox 198 2650 236 2678; x_wconf 73' lang='grc'>27</span> <span class='ocrx_word' id='word_1_409' title='bbox 266 2652 487 2680; x_wconf 86' lang='lat' dir='ltr'>commentae</span> <span class='ocrx_word' id='word_1_410' title='bbox 506 2650 600 2687; x_wconf 58' lang='lat' dir='ltr'>dett„</span> <span class='ocrx_word' id='word_1_411' title='bbox 622 2650 801 2681; x_wconf 79' lang='lat' dir='ltr'>conmcnti</span> <span class='ocrx_word' id='word_1_412' title='bbox 822 2650 869 2687; x_wconf 89' lang='lat' dir='ltr'>M,</span> <span class='ocrx_word' id='word_1_413' title='bbox 890 2651 1135 2682; x_wconf 82' lang='lat' dir='ltr'>committente</span> <span class='ocrx_word' id='word_1_414' title='bbox 1153 2649 1177 2680; x_wconf 92' lang='lat' dir='ltr'><em>L</em></span> 
     </span>
    </p>
   </div>
   <div class='ocr_carea' id='block_1_12' title="bbox 1647 872 1685 900">
    <p class='ocr_par' dir='ltr' id='par_1_21' title="bbox 1647 872 1685 900">
     <span class='ocr_line' id='line_1_46' title="bbox 1647 872 1685 900; baseline 0 0"><span class='ocrx_word' id='word_1_415' title='bbox 1647 872 1685 900; x_wconf 68' lang='lat'>40</span> 
     </span>
    </p>
   </div>
   <div class='ocr_carea' id='block_1_13' title="bbox 1649 1156 1687 1185">
    <p class='ocr_par' dir='ltr' id='par_1_22' title="bbox 1649 1156 1687 1185">
     <span class='ocr_line' id='line_1_47' title="bbox 1649 1156 1687 1185; baseline 0.026 -1"><span class='ocrx_word' id='word_1_416' title='bbox 1649 1156 1687 1185; x_wconf 87' lang='grc'>’15</span> 
     </span>
    </p>
   </div>
   <div class='ocr_carea' id='block_1_14' title="bbox 1649 1726 1690 1755">
    <p class='ocr_par' dir='ltr' id='par_1_23' title="bbox 1649 1726 1690 1755">
     <span class='ocr_line' id='line_1_48' title="bbox 1649 1726 1690 1755; baseline 0 0"><span class='ocrx_word' id='word_1_417' title='bbox 1649 1726 1690 1755; x_wconf 78' lang='lat'>25</span> 
     </span>
    </p>
   </div>
   <div class='ocr_carea' id='block_1_15' title="bbox 1651 2011 1690 2039">
    <p class='ocr_par' dir='ltr' id='par_1_24' title="bbox 1651 2011 1690 2039">
     <span class='ocr_line' id='line_1_49' title="bbox 1651 2011 1690 2039; baseline -0.026 0"><span class='ocrx_word' id='word_1_418' title='bbox 1651 2011 1690 2039; x_wconf 85' lang='lat'>30</span> 
     </span>
    </p>
   </div>
  </div>
 </body>
</html>
