1966 3081
318 1438 340 1474 3

372 174 444 215 le.
468 176 572 204 9-11
889 195 1001 201 ..-
1065 174 1113 212 14
1173 196 1276 200 ,..-,,

742 310 792 349 1,ιιι
852 311 898 336 ne
931 311 990 336 ffls
1021 310 1084 344 Qv1
1117 310 1155 336 m
1188 311 1288 337 MANV
1323 296 1431 348 svm]

482 379 631 416 Farreo
662 378 908 417 conuenitur
938 379 979 415 in
1003 390 1171 416 manum
1194 378 1318 417 certis
1340 376 1483 416 uerbis
1505 383 1545 415 et
1567 375 1746 415 testibus
1767 377 1802 415 X

369 433 660 485 praesentibus
683 442 721 473 et
742 435 927 474 sollemni
951 434 1152 474 sacrificio
1176 434 1301 484 sacto,
1329 435 1371 473 in
1393 446 1474 485 quo
1497 434 1615 485 panis
1637 445 1801 484 quoque

370 492 532 530 sarreus
553 491 790 531 adhibetur.

393 620 428 669 [x
488 629 551 663 Qvi
585 630 621 655 ix
654 629 867 655 rornsn‘re
898 629 1129 655 mxcnuovn
1162 629 1256 655 SVNT
1287 628 1576 664 Qvtmnnonvm
1609 628 1655 654 Eo
1687 627 1773 654 WRE

961 673 1210 726 Llnssmsxrvn]

484 754 615 792 Liberi
650 761 867 805 parentum
895 761 1096 806 potestate
1121 753 1352 793 liberantur
1374 753 1724 804 emancipatione,
1760 750 1803 791 id

370 820 427 850 est
453 813 511 860 si,
547 818 816 863 posteaquam
848 812 1068 863 mancipati
1102 810 1278 856 fuerint,
1314 811 1556 849 manumissi
1578 811 1675 849 sint.
1730 808 1802 848 sed

371 870 479 907 tilius
502 868 670 919 quidem
694 875 758 907 ter
780 869 1041 920 mancipatus
1062 875 1126 907 ter
1147 868 1429 906 manumissus
1451 868 1516 907 sui
1539 868 1641 906 iuris
1664 867 1728 905 fit:
1759 864 1801 904 id

369 926 476 963 enim
508 925 574 963 lex
605 924 822 964 duodecim
851 925 1087 965 tabularum
1111 924 1227 964 iubet
1247 924 1310 963 his
1332 923 1496 964 uerbis:
1533 936 1566 963 s1
1597 936 1716 963 PATER
1745 935 1804 961 rt-

372 994 459 1020 tivm
482 995 554 1020 TER
578 995 702 1020 vet-{vm
723 995 857 1033 Dum,
893 995 1014 1021 rmvs
1038 997 1059 1020 A
1080 994 1198 1021 ΡΑτιιΕ
1223 994 1331 1020 tumn
1352 994 1461 1020 esro.
1517 982 1642 1020 ceteri
1664 986 1803 1019 autem

371 1039 489 1077 liberi
522 1046 688 1090 praeter
716 1040 846 1080 filium
877 1047 959 1079 tam
991 1039 1161 1078 masculi
1192 1051 1316 1090 quam
1339 1038 1519 1078 feminae
1541 1050 1624 1077 una
1646 1037 1804 1076 manci-

368 1097 534 1147 patione
557 1098 966 1148 manumissioneque
990 1097 1054 1135 sui
1077 1096 1179 1135 iuris
1203 1096 1320 1135 fiunt.
1374 1097 1500 1135 Morte
1532 1095 1662 1147 patris
1692 1093 1802 1133 filius

370 1160 407 1191 et
439 1153 518 1191 tilia
549 1154 613 1192 sui
645 1154 746 1193 iuris
776 1154 899 1193 fiunt:
937 1160 1065 1192 morte
1095 1161 1233 1192 autem
1265 1154 1333 1191 aui
1362 1159 1533 1204 nepotes
1556 1153 1612 1191 ita
1633 1151 1804 1190 demum

369 1211 431 1249 sui
463 1211 565 1249 iuris
596 1210 720 1261 fiunt,
755 1212 789 1250 si
819 1218 910 1261 post
942 1218 1116 1249 mortem
1146 1211 1212 1249 aui
1236 1211 1277 1249 in
1299 1217 1500 1261 potestate
1523 1209 1650 1261 patris
1672 1207 1803 1247 futuri

371 1280 449 1305 non
473 1274 583 1317 sunt,
614 1268 730 1307 uelut
750 1269 783 1307 si
806 1269 1008 1307 moriente
1031 1280 1106 1306 auo
1129 1274 1244 1318 pater
1266 1280 1408 1306 eorum
1430 1274 1501 1306 aut
1523 1268 1602 1305 iam
1624 1265 1804 1304 decessit

368 1333 439 1362 aut
470 1323 520 1363 de
552 1332 755 1375 potestate
787 1324 985 1364 dimissus
1016 1332 1102 1363 est:
1147 1337 1242 1363 nam
1274 1325 1307 1364 si
1340 1325 1484 1363 mortis
1515 1324 1584 1362 aui
1616 1329 1802 1374 tempore

371 1388 487 1432 pater
518 1394 658 1420 eorum
690 1382 730 1421 in
762 1389 960 1433 potestate
992 1383 1083 1421 eius
1112 1382 1187 1430 sit,
1223 1389 1381 1420 mortuo
1415 1394 1491 1420 auo
1522 1382 1565 1419 in
1587 1380 1716 1432 patris
1737 1379 1801 1418 sui

367 1445 569 1489 potestate
592 1438 710 1478 fiunt.
757 1440 799 1479 Si
822 1440 931 1491 patri
953 1439 1020 1478 uel
1043 1438 1125 1477 filio
1146 1446 1315 1490 aquaet
1338 1438 1421 1490 igni
1443 1437 1709 1477 interdictum
1730 1436 1798 1486 sit,

371 1496 500 1545 patria
534 1502 715 1546 potestas
746 1496 920 1546 tollitur,
956 1496 1054 1547 quia
1082 1496 1332 1547 peregrinus
1365 1495 1408 1535 fit
1438 1497 1495 1544 is,
1530 1495 1594 1534 cui
1626 1506 1732 1545 aqua
1763 1500 1804 1532 et

370 1553 453 1602 igni
477 1552 746 1592 interdictum
770 1560 853 1593 est:
889 1564 1027 1604 neque
1058 1560 1194 1592 autem
1223 1553 1468 1604 peregrinus
1499 1553 1633 1591 ciuem
1655 1551 1804 1589 Roma-

372 1622 469 1647 num
501 1622 638 1660 neque
670 1612 776 1650 ciuis
806 1611 1012 1649 Romanus
1041 1610 1310 1661 peregrinum
1341 1611 1382 1648 in
1415 1616 1617 1661 potestate
1649 1607 1802 1647 habere

369 1674 517 1716 potest.
572 1667 614 1705 Si
646 1674 761 1719 pater
788 1667 840 1707 ab
864 1666 1054 1706 hostibus
1075 1674 1220 1719 eaptus
1242 1667 1308 1717 sit,
1343 1668 1534 1717 quamuis
1557 1677 1707 1705 seruus
1729 1665 1804 1704 ho-

369 1724 493 1761 stium
526 1725 607 1773 fiat,
643 1732 779 1763 tamen
812 1737 906 1764 eum
937 1737 1133 1764 reuersus
1164 1723 1303 1774 fuerit,
1336 1725 1473 1762 omnia
1502 1724 1680 1775 pristina
1710 1723 1802 1761 iura

372 1780 517 1830 recipit
539 1781 629 1819 iure
651 1782 903 1831 postliminii.
958 1781 1032 1820 sed
1052 1781 1252 1832 quamdiu
1274 1780 1386 1833 apud
1409 1781 1546 1820 hostes
1567 1787 1642 1829 est,
1668 1779 1800 1831 patria

371 1844 550 1887 potestas
573 1838 612 1875 in
638 1838 716 1877 filio
738 1840 825 1878 eius
846 1839 1012 1876 interim
1036 1837 1253 1889 pendebit,
1279 1845 1320 1877 et
1341 1850 1434 1876 cum
1457 1849 1652 1876 reuersus
1675 1836 1803 1875 fuerit

370 1892 421 1931 ab
444 1893 651 1944 hostibus,
686 1896 725 1934 in
754 1902 956 1947 potestate
990 1895 1120 1933 filium
1153 1894 1344 1933 habebit:
1383 1896 1417 1934 si
1449 1906 1548 1933 uero
1578 1893 1633 1932 ibi
1657 1893 1804 1932 deces-

371 1951 484 1998 serit,
522 1952 585 1990 sui
618 1953 721 1992 iuris
750 1952 859 1991 filius
889 1953 981 1990 erit.
1037 1952 1146 1991 filius
1173 1964 1338 2003 quoque
1371 1952 1405 1991 si
1438 1958 1582 2003 captus
1603 1951 1730 1990 suerit
1750 1949 1802 1989 ab

372 2006 578 2058 nostibus,
614 2010 803 2048 similiter
834 2016 1002 2061 propter
1032 2009 1096 2047 ius
1118 2009 1356 2060 postliminii
1381 2009 1514 2061 patria
1534 2014 1716 2060 potestas
1737 2007 1805 2046 in-

321 2066 343 2103 5
371 2065 490 2102 terim
514 2066 729 2116 pendebit.
784 2067 825 2104 ln
858 2073 1058 2118 potestate
1087 2073 1306 2117 parentum
1337 2078 1427 2105 esse
1456 2065 1657 2104 desinunt
1681 2064 1799 2115 ethi,

325 2374 338 2410 t

371 2122 439 2172 qui
465 2122 651 2162 flamines
674 2124 811 2162 Diales
841 2124 1142 2173 inaugurantur
1167 2130 1208 2162 et
1229 2135 1334 2174 quae
1358 2123 1543 2174 uirgines
1563 2123 1711 2161 Vestae
1733 2133 1803 2160 ca-

373 2186 557 2229 ptuntur.

916 2307 960 2345 th
1016 2307 1062 2333 ΒΕ
1093 2294 1263 2345 rerLisj

486 2376 657 2413 Tutores
688 2375 996 2413 constituuntur
1027 2382 1108 2412 tam
1132 2374 1324 2413 masculis
1345 2386 1467 2425 quam
1494 2372 1675 2412 feminis.
1729 2372 1803 2412 sed

375 2432 566 2471 masculis
588 2430 755 2482 quidem
781 2430 1070 2482 impuberibus
1093 2430 1306 2470 dumtaxat
1327 2438 1498 2482 propter
1519 2431 1666 2470 aetatis
1687 2429 1802 2469 infir-

464 2617 474 2644 4
505 2623 568 2653 pro
586 2615 645 2655 qui
664 2615 853 2652 requiritur
869 2623 960 2654 quae
995 2613 1007 2655 ΣΙ
1045 2616 1062 2643 2
1082 2615 1294 2645 conuertitur
1316 2613 1351 2651 C,
1372 2615 1542 2645 conuenit
1559 2621 1648 2644 uxor
1665 2611 1761 2653 Huqo
1791 2613 1797 2655 1

373 2663 388 2691 3
417 2670 526 2701 panes
544 2668 685 2700 quoque
704 2658 839 2691 sarreos
860 2658 884 2690 C
918 2657 931 2701 ΙΙ
967 2662 984 2690 9
1013 2659 1047 2690 id
1065 2660 1160 2690 enim
1187 2659 1300 2697 Titius,
1332 2659 1424 2690 idem
1449 2658 1473 2691 C
1507 2657 1519 2701 ΙΙ
1559 2662 1592 2689 tt
1624 2659 1723 2691 dauit
1742 2657 1767 2690 C
1791 2658 1798 2700 l

375 2708 413 2736 1¹6
443 2706 522 2743 iam]
551 2706 656 2737 etiam
681 2704 704 2737 C
744 2703 756 2746 Η
796 2706 830 2735 21
864 2713 977 2745 neque
1000 2703 1054 2741 Cb,
1075 2713 1212 2745 nosque.
1234 2703 1274 2736 Ca
1311 2703 1324 2746 Η
1364 2707 1398 2734 34
1431 2705 1561 2736 (liualis
1584 2704 1625 2735 (ja

1834 932 1869 960 10

1831 1217 1870 1246 15

1830 1502 1869 1531 20

1827 1789 1868 1818 25

1828 2076 1868 2105 30

1828 2442 1869 2472 35
