1942 3081
681 151 793 158 ..--
856 128 931 167 123
991 151 1103 156 .--
1294 127 1606 164 murinis-45

643 254 724 304 [x111
783 265 832 291 nn
862 252 1136 302 DELAToninvs]

128 336 143 373 4
291 333 445 373 Omnes
472 333 637 372 omnino
659 331 825 371 deferre
847 332 1023 371 alterum
1054 337 1094 369 et
1125 342 1290 369 causam
1322 331 1605 381 pecuniariam

178 391 273 430 fisco
295 392 490 430 nuntiare
512 388 813 441 prohibentur:
849 400 926 427 nec
949 386 1090 436 refert,
1117 399 1252 426 mares
1275 386 1385 425 istud
1409 399 1458 425 an
1485 386 1604 425 semi-

175 460 253 487 nae
276 447 451 498 faciant,
485 447 597 486 serui
620 458 670 484 an
695 445 866 496 ingenui
890 457 940 484 an
965 444 1173 492 libertini,
1202 455 1252 482 an
1276 456 1370 481 suos
1391 456 1442 481 an
1466 449 1605 481 extra-

124 505 148 545 2
176 517 275 544 neos
297 503 511 543 deferant:
546 503 657 541 omni
681 503 791 542 enim
823 501 941 540 modo
966 502 1210 553 puniuntur.
1276 500 1397 538 Serui
1427 499 1600 549 fiscales,

175 563 246 613 qui
270 574 433 601 causam
464 560 628 599 domino
651 559 825 611 prodere
848 572 894 598 ac
916 559 1110 597 nuntiare
1133 556 1411 606 contendunt,
1438 556 1604 595 deferre

173 630 255 657 non
284 617 496 657 uidentur.
561 616 776 656 subornati
806 628 905 655 sane
939 628 1057 654 reum
1083 613 1261 666 prodere
1294 619 1517 664 coguntur,
1551 626 1603 651 ne

174 676 246 727 qui
279 674 387 726 quod
409 686 485 726 per
506 686 550 713 se
579 687 661 712 non
684 680 818 725 potest
840 685 917 724 per
938 673 1063 712 alium
1093 671 1267 711 deferat.
1331 669 1506 721 perinde
1530 683 1605 709 au-

122 733 144 770 3
173 737 257 771 tem
288 730 584 770 subornatores
615 744 662 770 ae
692 730 898 770 delatores
929 731 1176 781 puniuntur.
1247 727 1438 767 Damnati
1470 727 1598 776 serui,

173 789 263 828 siue
291 794 384 840 post
412 789 662 828 sententiam
693 788 781 827 siue
814 793 909 827 ante
932 786 1180 825 sententiam
1212 783 1472 823 dominorum
1505 783 1605 823 faci—

172 858 274 884 nora
295 845 469 884 confessi
492 846 597 895 sint,
630 845 744 884 nullo
767 843 886 882 modo
910 843 1160 892 audiuntur,
1185 842 1266 880 nisi
1289 841 1392 880 forte
1417 853 1507 880 reos
1529 840 1604 880 de—

172 902 307 942 ferant
327 902 569 942 maiestatis.

517 1015 593 1068 [xlv
651 1026 699 1052 DE
732 1026 1030 1060 QvAEsrioNfflvs
1062 1012 1261 1062 mammis]

124 1096 138 1133 4
286 1095 330 1133 111
353 1094 598 1133 criminibus
620 1093 820 1133 eruendis
842 1093 1030 1144 quaestio
1053 1091 1223 1143 quidem
1247 1090 1492 1130 adhibetur:
1530 1090 1604 1130 sed

171 1164 253 1190 non
276 1152 414 1191 statim
436 1164 458 1190 a
479 1151 696 1190 tormentis
728 1149 1012 1202 incipiendum
1036 1154 1112 1199 est,
1139 1147 1316 1198 ideoque
1339 1147 1457 1199 prius
1480 1160 1604 1199 argu—

171 1209 324 1248 mentis
345 1207 657 1260 quaerendum,
693 1213 733 1247 et
755 1208 789 1246 si
812 1207 1050 1258 suspicione
1073 1205 1213 1256 aliqua
1234 1217 1330 1243 reus
1354 1210 1598 1255 urgueatur,

170 1264 370 1305 adhibitis
389 1266 607 1304 tormentis
639 1263 690 1303 de
713 1265 834 1303 sociis
855 1270 895 1303 et
915 1262 1146 1302 sceleribus
1177 1262 1263 1301 suis
1284 1261 1469 1300 confiteri
1491 1274 1603 1300 com—

119 1323 143 1361 2
169 1323 354 1374 pellitur.
417 1323 547 1361 Vnius
578 1322 773 1361 facinoris
804 1321 975 1373 plurimi
998 1320 1059 1359 rei
1090 1319 1146 1358 ita
1178 1318 1378 1359 audiendi
1399 1324 1520 1369 sunt,
1556 1324 1602 1357 ut

169 1378 221 1418 ab
244 1392 290 1418 eo
310 1380 494 1431 primum
517 1380 763 1430 incipiatur,
792 1378 862 1430 qui
884 1376 1068 1416 timidior
1089 1383 1130 1416 et
1151 1382 1321 1415 tenerae
1343 1376 1488 1414 aetatis
1511 1388 1601 1414 esse

118 1437 140 1474 3
168 1435 380 1476 uideatur.
433 1435 566 1475 *Reus
589 1434 920 1475 euidentioribus
941 1433 1198 1486 argumentis
1220 1444 1444 1484 oppressus
1467 1433 1601 1484 repeti

167 1492 234 1532 *in
258 1494 541 1545 quaestionem
566 1498 719 1544 potest,
754 1492 932 1531 maxime
955 1491 989 1529 si
1012 1492 1054 1529 in
1075 1496 1282 1529 tormenta
1303 1489 1489 1528 animum
1511 1501 1602 1527 cor—

119 1551 141 1589 4
166 1549 355 1602 *pusque
379 1549 611 1589 durauerit.
645 1550 690 1588 In
713 1562 761 1588 ea
782 1561 917 1598 causa,
943 1549 986 1586 in
1009 1559 1089 1598 qua
1112 1547 1238 1586 nullis
1258 1559 1355 1585 reus
1377 1558 1602 1597 argumen-

165 1606 243 1646 *tis
263 1607 537 1658 urguebatur,
563 1612 770 1646 tormenta
791 1618 872 1644 non
896 1604 1014 1644 facile
1038 1603 1275 1644 adhibenda
1298 1608 1413 1642 sunt:
1440 1602 1515 1642 sed
1538 1603 1602 1641 in-

165 1662 382 1703 *standum
419 1664 670 1714 accusatori,
705 1669 752 1702 ut
785 1662 826 1702 id
850 1661 961 1713 quod
991 1661 1181 1700 intendat
1210 1659 1449 1712 comprobet
1475 1666 1600 1711 atque

114 1721 139 1759 5
165 1719 422 1760 *conuincat
487 1722 629 1760 Testes
656 1718 881 1770 torquendi
903 1731 985 1758 non
1008 1725 1105 1757 sunt
1128 1716 1404 1757 conuincendi
1427 1716 1602 1755 menda-

165 1776 241 1816 *cii
260 1785 330 1817 aut
344 1778 535 1817 ueritatis
556 1778 702 1830 gratia,
729 1777 811 1816 nisi
829 1789 924 1816 cum
941 1775 1046 1815 facto
1064 1775 1344 1815 interuenisse
1361 1773 1601 1813 dicuntum*

685 1903 745 1953 [xv
803 1914 851 1940 DE
886 1900 1080 1950 TESTIBVS]

117 1983 132 2021 4
279 1982 501 2033 Suspectos
529 1982 685 2034 gratiae
706 1987 856 2032 testes,
885 1987 925 2020 et
947 1993 1015 2019 eos
1035 1979 1104 2018 uel
1126 1979 1328 2030 maxime,
1353 1990 1456 2030 quos
1477 1990 1601 2018 accu—

165 2045 276 2078 sator
297 2038 348 2077 de
367 2038 486 2077 domo
506 2038 752 2090 produxerit
767 2038 835 2077 uel
857 2039 969 2077 uitae
986 2036 1200 2075 humilitas
1217 2036 1442 2086 infamarit,
1468 2035 1601 2074 inter-

166 2096 302 2146 rogari
324 2108 405 2134 non
436 2095 615 2147 placuit:
653 2096 695 2134 in
727 2101 830 2134 teste
861 2095 972 2134 enim
1005 2099 1045 2132 et
1066 2094 1178 2132 uitae
1210 2093 1388 2144 qualitas
1419 2093 1598 2144 spectari

1056 2205 1083 2214 ax
1086 2204 1467 2213 Muwmmmrmntdm
1470 2204 1531 2211 mxx
1535 2204 1547 2210 κ
1553 2204 1572 2211 n
1586 2206 1595 2211 1.

174 2209 239 2216 uzu„
247 2207 639 2215 υνυΜΑΛΙΝΜΝνν-ψ»
863 2206 903 2213 „ms

257 2267 312 2305 44,
332 2268 417 2297 2-5
438 2278 479 2292 =
500 2265 577 2306 Diy.
598 2266 654 2304 48,
677 2267 730 2304 48,
753 2267 791 2296 48
807 2273 863 2304 pr.
885 2262 919 2306 §§
938 2266 1023 2294 4-3
1065 2263 1079 2304 n
1121 2266 1175 2303 45,
1197 2265 1208 2294 4
1233 2277 1274 2290 ---
1298 2262 1437 2295 Collatio
1456 2264 1488 2301 9,
1510 2264 1540 2301 3,
1564 2264 1593 2293 ¹¹:

163 2320 208 2344 em
220 2315 323 2351 parte
340 2325 381 2338 =
401 2311 481 2361 Diffi
501 2313 555 2350 22,
575 2313 609 2351 5,
631 2312 670 2342 24

1218 2396 1566 2406 Μωναννυννκκψι
1572 2399 1579 2404 a
1586 2396 1592 2399 Δ

198 2405 202 2408 ,
234 2401 474 2411 ΜΑΝννΜ

255 2472 294 2501 46
321 2472 489 2511 urgeatur
507 2470 553 2508 M,
574 2471 743 2510 arguatur
760 2469 785 2500 L
841 2469 854 2509 Η
911 2471 951 2500 49
977 2468 1023 2510 et]
1044 2470 1098 2501 est
1114 2468 1173 2500 uel
1192 2468 1270 2509 Diy.
1327 2466 1341 2506 11
1396 2467 1519 2498 aet-atis
1537 2467 1594 2497 ui—

161 2515 265 2548 detur
283 2516 361 2557 Diq.
418 2516 432 2557 ΙΙ
488 2518 526 2546 27
554 2514 718 2556 testibus]
747 2513 898 2546 testibus
923 2516 957 2546 et
981 2514 1024 2546 de
1053 2515 1108 2555 (de
1127 2523 1190 2545 om.
1213 2516 1245 2551 9,
1267 2515 1294 2552 3)
1326 2511 1597 2552 quaestionibus

164 2561 246 2593 Con.
268 2564 300 2601 8,
320 2563 352 2592 3.
372 2564 404 2600 9,
426 2564 464 2593 3:
493 2561 534 2601 cf.
557 2562 648 2601 adp.
672 2563 747 2599 425,
770 2562 809 2591 40
858 2561 872 2601 ll
920 2562 960 2591 28
978 2561 1111 2601 gratiae
1128 2568 1193 2591 om.
1218 2558 1299 2590 Coll.
1350 2557 1363 2597 11
1412 2559 1451 2587 29
1471 2556 1595 2588 eduxit

165 2607 282 2644 Coll.1³‚
303 2607 450 2639 deduxit
470 2606 583 2638 Οοῑι.Ψ
606 2607 709 2639 Coll.v
749 2605 764 2646 ll
804 2606 1012 2646 interrogari
1033 2607 1111 2638 dett.
1138 2604 1218 2636 coll.
1241 2603 1335 2644 Diq„
1358 2603 1595 2643 interrogatus

159 2653 225 2684 ML
271 2652 284 2692 ΙΙ
330 2655 370 2683 30
397 2652 547 2684 testibus
570 2652 650 2684 Coll.

1632 792 1673 819 40

1632 1156 1670 1184 45

1626 1726 1669 1754 25

1625 2099 1667 2128 30
