1942 3081
361 106 674 144 Paul.ll,2l·—:.)5
878 128 989 133 —..
1050 107 1100 144 74
1162 128 1273 134 —.

359 231 451 269 cilla
474 232 707 282 pepererit,
736 230 913 269 liberum
936 233 1067 282 parit:
1103 231 1237 270 media
1263 231 1371 269 enirn
1404 237 1586 281 tempora
1611 229 1790 269 libertati

310 290 330 327 4
359 287 572 339 prodesse,
599 301 675 327 non
698 301 847 327 nocere
870 294 1054 339 possunt.
1100 289 1161 326 Ex
1183 301 1229 327 ea
1253 288 1425 326 muliere
1447 293 1588 336 natuS,
1614 299 1720 338 quae
1742 299 1793 326 ex

360 358 484 384 causa
507 344 813 384 fideicommissi
846 345 1081 384 manumitti
1114 344 1279 395 debuit,
1313 345 1346 383 si
1370 349 1459 396 post
1488 356 1643 382 moram
1664 343 1793 383 liber-

309 403 331 439 ὃ
360 403 432 441 tati
463 401 609 441 factam
641 409 854 451 nascatur,
893 403 1099 454 ingenuus
1120 403 1318 441 nascitur.
1374 402 1415 440 si
1438 401 1588 440 mulier
1615 401 1791 440 diuortio

360 458 463 498 facto
486 459 701 511 grauidam
726 472 768 498 se
792 460 913 510 sciat,
941 461 1050 498 intra
1071 460 1357 498 tricensimum
1381 458 1492 498 diem
1514 459 1603 497 uiro
1625 457 1792 497 denun-

359 517 461 556 tiare
493 516 620 556 debet
648 516 717 556 uel
747 517 855 568 patri
879 517 992 566 eius,
1024 523 1068 555 ut
1092 516 1143 555 ad
1165 523 1356 556 uentrem
1387 514 1695 567 inspiciendum
1716 514 1792 554 oh—

358 573 699 625 seruandumque
717 573 911 613 custodes
928 574 1093 612 mittant
1111 588 1116 612 :
1140 575 1239 624 ÷quo
1257 574 1405 612 omisso
1422 579 1584 625 partum
1603 572 1794 612 mulieris

309 633 330 669 6
358 630 590 670 omnimodo
613 637 818 681 coguntur
840 643 1078 681 agnoscere.
1135 631 1177 669 Si
1207 637 1507 682 praegnantem
1529 642 1574 669 se
1595 641 1679 669 esse
1700 642 1795 668 mu—

359 688 434 727 lier
462 700 544 727 non
576 687 893 727 denuntiauerit
924 687 991 726 uel
1024 686 1216 726 custodes
1247 688 1408 726 uentris
1437 688 1583 726 missos
1604 699 1685 726 non
1718 685 1794 725 ad-

361 746 532 795 miserit,
559 744 736 784 liberum
759 751 821 783 est
842 745 948 796 patri
970 745 1037 783 uel
1064 757 1140 783 auo
1162 751 1305 783 natum
1327 757 1408 783 non
1430 744 1554 783 alere.
1607 751 1791 783 ceterum

358 802 622 853 neglegentia
652 802 821 851 matris,
857 814 938 853 quo
961 801 1100 840 minus
1122 813 1223 840 suus
1253 802 1359 853 patri
1390 801 1511 840 heres
1541 801 1614 850 sit,
1646 800 1792 840 obesse

309 860 330 897 7
358 871 439 897 non
462 858 602 898 debet.
648 859 689 898 si
712 859 863 898 mulier
884 871 927 897 se
951 871 1003 897 ex
1022 859 1113 897 uiro
1135 865 1434 910 praegnantem
1455 865 1593 910 neget,
1619 859 1795 910 permit—

309 917 330 953 8
359 916 460 955 titur
482 916 627 955 marito
649 923 840 955 uentrem
864 916 1071 967 inspicere
1089 923 1129 955 et
1149 917 1289 954 uentri
1311 914 1503 954 custodes
1525 914 1639 954 dare.
1682 915 1795 954 Ven—

361 980 421 1011 tcr
444 974 666 1025 inspicitur
686 986 762 1025 per
783 973 972 1024 quinque
1002 972 1258 1023 obstetrices,
1294 979 1334 1012 et
1356 972 1468 1024 quod
1498 973 1677 1011 maxima
1698 984 1795 1024 pars

309 1032 331 1069 9
358 1043 498 1069 earum
520 1029 854 1079 denuntiauerit,
888 1043 961 1082 pro
984 1043 1084 1069 uero
1106 1029 1298 1069 habetur.
1352 1029 1653 1080 Obstetricem,
1687 1041 1793 1080 quae

358 1093 521 1140 partum
553 1088 735 1126 alienum
759 1088 918 1136 attulit,
956 1093 1001 1126 ut
1022 1089 1199 1139 supponi
1230 1088 1381 1139 possit,
1409 1100 1568 1126 summo
1590 1086 1794 1138 supplicio

284 1146 330 1183 lO
359 1144 478 1184 adfici
510 1145 678 1196 placuit.
740 1146 920 1185 *Necare
953 1144 1123 1184 uidetur
1153 1157 1233 1183 non
1264 1150 1424 1184 tantum
1458 1145 1492 1183 is
1523 1144 1596 1195 qui
1627 1150 1793 1195 partum

358 1201 611 1254 *praefocah
647 1201 721 1241 sed
744 1209 782 1241 et
806 1203 838 1241 is
861 1203 932 1253 qui
956 1202 1082 1241 abicit
1105 1208 1143 1241 et
1165 1202 1237 1253 qui
1269 1202 1461 1241 alimonia
1489 1201 1667 1252 denegat
1699 1206 1739 1240 et
1759 1201 1793 1239 is

356 1260 453 1310 *qui
483 1258 663 1310 publicis
690 1260 792 1299 locis
823 1258 1134 1298 misericordiae
1167 1272 1289 1298 causa
1321 1259 1504 1310 exponit,
1544 1271 1668 1309 quain
1706 1258 1794 1310 ipse

358 1320 463 1354 *non
487 1315 654 1355 habet?

1005 1440 1142 1493 [xxivA]

312 1523 324 1558 l
479 1521 705 1573 ‘Adoptare
739 1522 834 1572 quis
863 1522 1026 1573 nepotis
1049 1521 1134 1560 loco
1157 1527 1314 1572 potest,
1353 1521 1476 1559 etiam
1499 1521 1533 1559 si
1562 1520 1691 1559 filium
1713 1531 1795 1558 non

309 1580 331 1617 2
365 1578 521 1618 ''liabet-
588 1580 716 1628 Eum,
758 1591 881 1629 quem
912 1579 1006 1629 quis
1042 1578 1279 1630 adoptauit,
1319 1577 1624 1628 emancipatum
1654 1576 1722 1616 uel
1751 1576 1794 1614 in

359 1635 645 1686 adoptionem
669 1635 811 1674 datum
835 1637 985 1674 iterum
1008 1648 1089 1674 non
1112 1642 1248 1686 potest
1269 1634 1509 1687 adoptares*

544 1760 628 1813 [XXV
689 1772 978 1807 QVEMADMODVM
1010 1773 1100 1798 FILII
1132 1772 1190 1799 SVI
1221 1772 1318 1799 lvnls
1350 1758 1610 1811 EFFICIVNTVR]

314 1842 325 1878 l
476 1841 595 1880 Pater
623 1840 675 1880 ab
706 1839 895 1879 hostibus
927 1846 1074 1892 captus
1102 1839 1258 1879 desinit
1290 1838 1445 1879 habere
1476 1839 1580 1877 filios
1603 1839 1644 1877 in
1676 1844 1796 1890 pote-

360 1905 489 1937 state:
525 1898 777 1949 postliminio
811 1910 1008 1936 reuersus
1038 1903 1120 1936 tam
1153 1897 1256 1936 filios
1285 1910 1409 1948 quam
1439 1897 1575 1935 omnia
1606 1895 1669 1935 sui
1692 1896 1796 1934 iuris

363 1956 402 1994 in
425 1961 669 2006 potestatem
693 1955 861 2006 recipit,
896 1967 942 1993 ac
964 1956 997 1993 si
1022 1966 1247 2006 numquam
1272 1953 1324 1993 ab
1346 1952 1536 1993 hostibus
1557 1959 1703 2004 captus
1724 1952 1792 1991 sit.

360 2012 557 2063 Singulae
580 2012 906 2063 mancipationes
927 2012 995 2050 uel
1028 2011 1158 2051 isdem
1183 2012 1248 2050 uel
1273 2011 1364 2050 aliis
1387 2009 1565 2050 testibus
1589 2010 1676 2049 fieri
1698 2021 1796 2061 pos-

360 2076 478 2115 sunt,
516 2070 582 2108 uel
616 2068 760 2108 eodem
793 2068 859 2108 die
890 2070 957 2108 uel
992 2069 1226 2107 intermisso
1254 2076 1454 2120 tempore.
1510 2066 1793 2118 Emancipatio

309 2013 332 2107 0000

1685 2182 1689 2185 ι
1700 2179 1793 2187 sxsf—„aev

451 2242 506 2272 24,
531 2243 568 2269 10
589 2252 629 2266 --·
651 2240 727 2279 Ι)ι’9.
749 2241 803 2277 25,
825 2242 856 2274 3,
880 2241 895 2269 4
938 2239 950 2279 ΙΙ
991 2241 1056 2270 24Α
1076 2253 1116 2266 =
1138 2239 1214 2280 1359.
1238 2242 1268 2277 4,
1290 2241 1322 2278 7,
1343 2241 1383 2269 37

451 2413 470 2442 2
498 2417 568 2441 non
587 2411 722 2449 scripsi,
751 2418 820 2440 non
846 2410 940 2440 enim
967 2410 1096 2441 codices
1143 2410 1156 2449 Η
1205 2412 1221 2440 3
1250 2410 1278 2440 si
1303 2410 1383 2450 post
1408 2417 1455 2440 m.
1483 2408 1637 2440 libertati
1662 2407 1792 2440 factam

365 2456 535 2492 Cidamus,
557 2456 585 2487 si
603 2464 667 2496 per
684 2463 731 2485 m.
754 2454 926 2486 libertatis
944 2454 1033 2486 facta
1052 2456 1090 2492 L,
1112 2456 1140 2486 si
1160 2464 1205 2486 m.
1229 2454 1382 2486 libertati
1400 2453 1527 2485 factam
1547 2454 1585 2485 M
1621 2453 1635 2494 ΙΙ
1676 2457 1693 2485 7
1719 2462 1791 2495 quo

361 2503 494 2533 omisso
513 2502 608 2537 dett„
636 2501 770 2532 omisso
792 2501 865 2537 ML,
892 2500 1024 2540 quibus
1042 2501 1161 2532 missis
1180 2500 1365 2532 sichardus
1383 2502 1518 2531 secutus
1536 2499 1794 2539 Interpretatio-

359 2556 448 2585 nem,
468 2548 526 2578 sed
543 2550 662 2578 contra
682 2546 757 2586 Diy.
780 2547 834 2583 25,
857 2549 888 2583 3,
912 2549 941 2584 ⁴,
965 2549 998 2576 Η
1037 2546 1050 2585 ΙΙ
1084 2549 1101 2577 8
1129 2545 1347 2578 omnimodis
1364 2546 1491 2576 codices
1523 2545 1536 2585 ΙΙ
1569 2545 1698 2577 mulier
1714 2553 1792 2577 esse

360 2594 489 2624 codices
531 2592 545 2632 ΙΙ
595 2595 629 2622 Η
661 2600 747 2623 suus
767 2591 964 2630 SicharduS,
994 2600 1058 2623 suo
1076 2593 1205 2623 codices
1243 2591 1256 2630 11
1299 2592 1338 2621 48
1364 2589 1524 2631 persecat
1543 2590 1570 2621 F
1606 2590 1619 2631 ΙΙ
1661 2593 1702 2622 26
1727 2590 1793 2622 de-

359 2639 442 2669 sinit
462 2639 556 2674 den„
575 2638 715 2669 desinet.
735 2635 826 2673 MbL,
847 2637 991 2668 desenet
1013 2637 1065 2667 Ma
1103 2638 1117 2676 Η
1157 2639 1198 2667 29
1225 2635 1275 2677 §2
1295 2645 1358 2667 om.
1383 2636 1420 2667 M

1819 751 1858 780 40

1821 1037 1861 1066 45

1820 1321 1861 1351 20

1819 1766 1861 1795 25

1820 2073 1861 2102 30
