1942 3081
325 93 621 132 Paul.ll‚3t.3·2
842 117 952 122 ——
1013 95 1066 135 80
1126 118 1237 123 --

321 219 503 258 *furtum
536 219 684 258 fecisse
714 219 905 270 uidetur,
944 222 1042 272 quia
1063 233 1144 259 non
1167 221 1209 259 in
1234 233 1325 259 eam
1348 233 1514 260 causam
1546 219 1599 260 ab
1621 233 1668 259 eo
1689 221 1757 260 ui-

241 276 291 314 30
320 275 499 316 *dentur
529 284 711 328 accepta.
765 277 970 329 Frugibus
1000 290 1052 316 ex
1081 277 1210 317 fundo
1233 277 1446 329 subreptis
1477 283 1561 316 tam
1588 277 1757 317 colonus

320 334 470 385 *quam
493 333 686 373 dominus
718 334 817 374 furti
840 347 960 386 agere
984 341 1179 386 possunt,
1214 336 1312 386 quia
1342 335 1562 385 utriusque
1585 335 1758 374 interest

240 390 285 428 31
320 392 432 429 *rem
455 392 668 442 persequi.
715 392 793 438 Qui
817 392 1008 431 ancillam
1030 404 1110 430 non
1134 392 1399 431 meretricem
1422 391 1612 431 libidinis
1634 404 1757 432 causa

323 447 575 500 “subripuit,
611 447 709 488 furti
740 450 900 488 actione
931 448 1168 499 tenebitur,
1206 456 1247 488 et
1277 450 1309 487 si
1334 449 1590 500 suppressit,
1624 461 1756 500 poena
1784 459 1800 484 13

239 505 291 543 32
318 505 447 557 *legis
468 505 616 545 Fabiae
639 506 896 545 coerceturj*
947 507 1026 552 Qui
1048 505 1212 546 tabulas
1234 507 1502 545 cautionesue
1526 504 1752 558 subripuit,

320 563 359 601 in
391 561 642 615 adscriptam
673 575 874 602 summam
899 562 997 602 furti
1018 563 1178 602 actione
1199 562 1436 602 tenebitur:
1471 576 1548 602 nec
1563 563 1752 613 interest,

317 620 567 659 cancellatae
590 632 667 658 nec
690 632 743 659 ne
765 620 868 669 sint,
904 621 1002 671 quia
1031 632 1082 658 ex
1104 620 1169 659 his
1191 619 1379 659 debitum
1410 619 1659 659 dissolutum
1689 620 1756 658 in-

239 677 288 714 33
318 683 447 715 terest
477 676 751 728 comprobari.
812 676 916 723 *Qui
947 689 1070 716 seruo
1102 676 1222 727 fugae
1246 677 1462 716 consilium
1487 676 1615 727 dedit,
1654 676 1753 716 furti

238 735 288 772 34
318 733 515 785 *quidem
545 734 704 773 actione
734 746 817 772 non
838 740 1026 784 tenetur,
1061 733 1135 772 sed
1158 734 1269 772 serui
1297 734 1496 786 corrupti.
1552 735 1631 773 Res
1652 733 1755 773 sub-

320 792 462 842 ·*repta
484 791 517 829 si
541 791 583 829 in
606 789 763 829 domini
786 797 1030 842 potestatem
1060 803 1230 830 reuersa
1251 791 1325 840 sit,
1352 798 1485 830 cessat
1508 790 1607 830 furti
1630 792 1750 831 actio.

238 849 289 885 35
317 848 421 894 'Qui
451 846 620 886 furandi
653 849 790 886 animo
819 848 1015 887 conclaue
1047 848 1212 899 effregit
1242 848 1310 887 uel
1333 848 1516 899 aperuit,
1555 848 1630 887 sed
1649 848 1754 886 nihil

317 904 527 954 *abstuliu
550 905 648 944 furti
665 905 824 944 actione
836 905 1053 944 conueniri
1072 918 1153 944 non
1171 911 1321 956 potest,
1342 905 1588 944 iniuriarum
1602 911 1750 957 potest.

237 963 289 1000 36
318 962 421 1008 *Qui
444 974 534 1000 rem
556 974 672 1001 suam
697 961 882 1012 furatur,
910 963 964 1001 ita
996 962 1164 1001 demum
1196 961 1294 1001 furti
1330 962 1489 1001 actione
1520 974 1602 1001 non
1632 969 1754 1001 tene-

237 1020 289 1058 37
317 1021 432 1069 *tur,
467 1020 501 1057 si
525 1019 644 1059 alteri
675 1032 728 1058 ex
758 1020 833 1058 hoc
862 1032 943 1058 non
974 1021 1217 1059 nocentum*
1270 1020 1448 1069 Seruus,
1483 1020 1556 1070 qui
1590 1019 1632 1058 in
1656 1018 1752 1071 fuga

317 1083 390 1127 est,
418 1088 440 1115 a
463 1075 628 1115 domino
652 1076 823 1128 quidem
845 1076 1107 1128 possidetur,
1143 1075 1216 1115 sed
1239 1076 1433 1116 dominus
1465 1075 1566 1123 furti
1590 1077 1752 1115 actione

316 1133 406 1172 eius
427 1134 593 1172 nomine
618 1146 700 1172 non
722 1140 905 1184 tenetur,
933 1135 1032 1185 quia
1053 1135 1095 1172 in
1118 1139 1322 1185 potestate
1346 1147 1438 1172 eum
1461 1146 1543 1172 non
1566 1132 1704 1173 habet.

693 1258 807 1310 [xxxn
866 1271 914 1297 DE
949 1271 1083 1298 opums
1115 1259 1369 1311 nummum]

429 1338 631 1389 Egentem
652 1345 872 1390 patronum
904 1338 1080 1377 libertus
1102 1338 1352 1390 obligatione
1377 1338 1474 1377 doni
1506 1339 1691 1378 muneris
1712 1345 1754 1378 et

314 1407 535 1446 operarum
571 1396 731 1434 solutus
767 1397 877 1435 alere
909 1395 1118 1447 cogendus
1151 1403 1211 1435 est
1246 1409 1319 1448 pro
1351 1395 1470 1434 modo
1510 1395 1749 1436 facultatum

314 1464 495 1491 suarum.

405 1648 460 1685 34,
483 1648 614 1676 29—32
634 1659 674 1672 =
695 1646 773 1686 Diy.
796 1647 849 1684 47,
871 1648 903 1685 2,
924 1649 978 1683 83,
1007 1646 1049 1686 cf.
1071 1647 1115 1677 ad
1132 1655 1165 1685 p.
1188 1649 1226 1677 79
1284 1646 1297 1685 ΙΙ
1354 1648 1408 1683 31,
1437 1648 1570 1677 33-36
1593 1646 1752 1678 Cuiacius

314 1692 334 1722 l.
357 1700 384 1722 c.
406 1700 450 1722 ex
473 1692 649 1723 Vesontino
665 1694 813 1723 restituit
868 1692 881 1732 ΙΙ
938 1695 993 1730 34,
1015 1694 1054 1722 37
1073 1691 1116 1731 cf.
1137 1692 1210 1723 Leae
1228 1692 1320 1723 Rom.
1344 1692 1519 1732 Buryund.
1542 1694 1582 1723 45

406 1875 423 1903 3
442 1874 553 1914 possit
572 1873 615 1904 Fa
636 1872 794 1904 Cuiacius
833 1873 847 1914 l}
888 1876 903 1904 7
926 1873 1083 1913 interest]
1105 1872 1213 1905 refert
1230 1873 1307 1913 Περ.
1343 1873 1356 1913 ΙΙ
1395 1876 1411 1903 8
1432 1873 1650 1905 cancellatae
1667 1875 1751 1906 dett-

314 1927 390 1950 eum
415 1919 511 1959 Diffi,
541 1919 829 1950 caneancellatae
855 1920 921 1958 Ma,
949 1928 991 1950 an
1021 1919 1236 1950 cancellatae
1263 1917 1336 1958 Mb,
1366 1919 1458 1950 hanc
1484 1919 1648 1951 ancillate
1674 1919 1699 1951 L
1737 1917 1750 1962 ΙΙ

314 1965 395 2005 quia
413 1966 491 1996 dett.
515 1964 607 2005 Diy„
627 1974 695 2005 qua
712 1965 757 2003 M,
779 1974 868 2005 quae
883 1965 907 1996 L
949 1965 962 2005 Η
1003 1964 1162 1996 debitum
1180 1966 1293 2005 magis
1311 1964 1467 1996 solutum
1485 1973 1562 1996 esse
1581 1973 1750 2006 compro-

314 2010 387 2041 bari
408 2013 520 2051 potest
539 2010 615 2050 Diy.
660 2011 673 2050 ΙΙ
715 2013 749 2040 Μ
781 2010 862 2042 furti
882 2011 985 2051 actio]
1008 2014 1163 2050 eoepectes
1181 2010 1360 2042 condictio
1378 2009 1510 2042 furtiua

1781 743 1820 771 40

1780 1028 1820 1056 45

1779 1404 1818 1432 20
