1942 3081
726 134 838 139 ..-
900 112 978 150 159
1038 135 1150 140 ,-
1471 114 1650 154 x'1p.1'nst.

222 233 359 272 modat
383 246 484 284 rem,
519 236 575 274 sic
598 235 840 281 commodat,
876 242 919 273 ut
942 248 1020 273 non
1045 236 1167 275 saciat
1191 250 1276 275 rom
1299 238 1554 289 accipientis,
1581 238 1653 277 scd

223 296 267 330 ut
288 291 325 329 ei
348 289 419 341 utli
444 304 488 330 re
511 291 764 331 commodata
786 293 1012 343 permittat.

335 349 526 387 Locatum
570 361 735 400 quoque
777 355 816 387 et
857 348 1105 388 conductum
1145 351 1210 389 ius
1246 351 1430 401 gentium
1470 350 1647 390 induxit.

221 416 315 443 nam
349 417 400 443 ex
431 418 512 456 quo
543 407 756 456 coepimus
787 407 1070 456 possessiones
1102 408 1293 458 proprias
1326 414 1366 446 ct
1391 420 1457 445 135
1479 407 1647 456 habere,

221 467 261 500 et
292 461 453 500 locandi
484 463 549 502 ius
578 462 718 501 nancti
741 474 885 501 sumus
907 469 947 501 et
970 462 1232 502 conducendi
1256 477 1322 503 res
1343 465 1520 503 alienas:
1558 471 1595 502 et
1620 465 1653 503 is

220 520 291 570 qui
314 518 513 558 conduxit
535 520 624 558 iure
648 520 834 570 gentium
856 526 1026 559 tenetur
1042 519 1094 559 ad
1112 520 1348 560 mercedem
1367 521 1651 560 exsoluendam

924 635 952 660 11

221 699 363 740 reddis
393 712 500 752 quae
528 702 736 753 accepisti,
773 700 848 740 sed
879 701 999 740 aliam
1031 702 1253 753 pecuniam
1277 702 1463 742 eiusdem
1487 703 1655 754 quanti-

218 757 329 796 tatis.
385 764 553 797 mutuae
576 765 714 797 autem
737 758 827 797 dari
850 764 1023 810 possunt
1046 771 1111 797 res
1134 772 1216 798 non
1239 760 1365 811 aliae,
1402 772 1524 812 quam
1548 772 1653 811 quae

219 814 405 866 pondere
428 828 602 854 numero
625 828 819 855 mensura
841 816 1119 855 continentur.

332 872 515 923 Depositi
539 885 704 924 quoque
727 872 948 912 utilitatem
971 874 1034 912 ius
1057 875 1243 924 gentium
1266 873 1465 926 perdidit,
1491 880 1537 913 ut
1559 874 1653 925 quis

219 928 534 968 custodiendam
557 943 644 969 rem
666 942 784 969 suam
805 930 1025 969 animalem
1048 931 1116 969 uel
1137 928 1148 984 ΙΙ

914 1044 957 1070 111

219 1108 504 1165 comssparatum
527 1117 589 1150 est
612 1110 880 1150 interdictum
903 1112 1021 1151 uelut
1043 1112 1109 1151 cui
1132 1111 1301 1163 iniltt'um
1323 1118 1379 1151 est

916 1226 954 1252 lv

220 1289 336 1346 {quae
367 1290 973 1347 d*****†****⁴÷÷r********l
1009 1292 1304 1345 adipiscendae
1336 1306 1459 1345 quam
1491 1295 1654 1347 recipe-

216 1348 372 1388 randae
407 1350 700 1400 possessionis,
747 1350 885 1401 qualia
916 1356 1014 1389 sunt
1045 1349 1267 1389 interdicta
1297 1363 1400 1396 QVEM
1430 1364 1582 1391 FVNDVM
1614 1358 1654 1391 et

217 1418 319 1451 QVAM
349 1418 629 1446 ΗΕΒΕΒΙΤΑΤΕΜ.
679 1419 775 1445 nam
797 1408 831 1446 si
855 1406 1030 1446 fundum
1052 1408 1121 1446 uel
1143 1407 1420 1447 hereditatem
1442 1408 1494 1447 ab
1514 1409 1652 1460 aliquo

218 1469 356 1514 petam
378 1475 456 1502 nec
476 1463 527 1502 lis
549 1462 824 1512 defendatur,
860 1465 1019 1515 cogitur
1049 1464 1101 1503 ad
1133 1477 1199 1503 me
1228 1465 1456 1505 transferre
1488 1479 1654 1518 posses-

217 1520 399 1569 sionem,
434 1521 524 1559 siue
556 1533 783 1572 numquam
814 1521 980 1573 possedi
1012 1522 1102 1561 siue
1134 1527 1224 1561 ante
1249 1520 1444 1576 possefldi,
1496 1522 1652 1562 deinde

217 1577 336 1616 amisi
358 1576 670 1631 possessionem}

924 1694 945 1719 V

219 1757 429 1812 l—jj
459 1764 531 1799 aut
555 1772 632 1811 per·
656 1760 876 1812 foi-naulum
905 1760 1169 1799 arbitrariam
1200 1761 1465 1812 explicantur
1485 1768 1555 1800 aut
1578 1774 1653 1813 per

217 1816 505 1868 sponsionem,
536 1817 806 1868 prohibitoria
828 1830 929 1857 uero
951 1830 1106 1870 semper
1126 1830 1205 1869 per
1227 1819 1492 1869 sponsionem
1516 1819 1653 1869 expli-

217 1879 387 1913 cantur:
422 1874 675 1913 restitutorio
706 1875 775 1914 uel
806 1874 1053 1914 exhibitorio
1077 1874 1295 1914 interdicto
1316 1874 1479 1914 reddito
1501 1877 1535 1914 si
1557 1877 1653 1927 qui-

218 1929 312 1969 dem
342 1930 545 1970 arbitrum
573 1932 848 1983 postulauerit
871 1933 905 1971 is
926 1945 1019 1972 cum
1042 1945 1123 1983 quo
1145 1933 1303 1983 agitur,
1342 1931 1561 1972 formulam
1583 1945 1653 1972 ac-

217 1987 313 2039 cipit
331 1986 609 2038 arbitrariam,
635 2001 712 2041 per
732 2002 857 2041 quam
879 1988 1040 2028 arbiter
1059 1986 1071 2043 Η

219 2100 405 2108 *N*1‹xx-V-2s
419 2101 597 2108 *ssv-sn-N„—
610 2102 619 2106 «
631 2102 639 2105 ⁴
663 2102 680 2109 ⁷«
708 2106 713 2109 Δ
729 2104 746 2109 1,
772 2103 787 2110 s
805 2104 895 2109 „xl-r-V-
907 2103 911 2105 s
932 2104 935 2105 ν

310 2171 328 2200 6
356 2169 613 2202 exsoluendam
632 2171 777 2212 Rudorff
825 2171 839 2212 11
895 2173 911 2202 8
938 2175 1017 2203 ante
1034 2172 1157 2204 reddis
1174 2173 1293 2212 supple
1310 2181 1381 2204 non
1400 2173 1525 2205 eadem
1545 2181 1652 2204 num-

219 2223 361 2246 morum
379 2224 529 2257 corpora
582 2216 596 2256 ΙΙ
655 2219 693 2247 46
720 2227 811 2258 quae
828 2217 863 2258 d]
884 2219 984 2249 tertia
1000 2218 1114 2249 littera
1131 2219 1186 2249 uel
1203 2227 1221 2250 e
1237 2219 1293 2249 uel
1311 2227 1330 2250 c
1347 2219 1402 2250 uel
1417 2218 1426 2250 l
1446 2222 1506 2256 est,
1527 2222 1652 2258 quarta

217 2261 272 2292 uel
290 2260 313 2292 d
329 2261 385 2292 uel
403 2270 421 2292 c
438 2262 493 2292 uel
512 2270 530 2292 e
547 2263 654 2293 uelo:
684 2265 887 2295 sententiam
911 2264 1042 2295 collatis
1068 2264 1145 2304 Diq.
1167 2265 1222 2303 43,
1244 2267 1275 2302 4,
1296 2266 1328 2302 2,
1350 2267 1366 2295 3
1390 2266 1450 2306 fin.
1478 2266 1526 2296 sic
1549 2266 1651 2296 resti-

217 2309 312 2338 tuere
325 2309 437 2345 possis
453 2308 536 2338 sunt
557 2310 590 2339 et
610 2308 679 2339 alia
692 2308 871 2349 quaedam
893 2309 1082 2340 interdicta
1103 2309 1262 2351 duplicia
1276 2311 1348 2341 tam
1365 2310 1618 2351 adipiscendae
1642 2307 1654 2351 ΙΙ

221 2353 261 2382 49
288 2351 456 2384 defendat
477 2352 502 2385 C
540 2353 553 2393 ΙΙ
592 2357 670 2393 post
696 2355 836 2394 cogitur
859 2356 895 2386 in
916 2354 941 2386 C
964 2356 1101 2396 signum
1116 2368 1162 2386 τ
1177 2359 1285 2393 eoetat,
1313 2357 1400 2395 quod
1423 2357 1459 2386 m·
1481 2355 1585 2395 fallor
1608 2356 1653 2386 ad

219 2397 382 2429 scholium
397 2400 548 2439 mar-qim
565 2400 660 2430 hodie
676 2400 824 2431 abscisso
841 2401 1052 2439 adscriptum
1067 2402 1208 2433 remittit
1263 2401 1276 2442 ΙΙ
1333 2403 1370 2431 24
1403 2409 1544 2442 semper
1567 2409 1652 2441 pro-

219 2441 386 2475 hibitoria
403 2453 489 2476 uero
511 2444 547 2481 C,
568 2446 761 2477 emendauit
781 2446 924 2486 Rudorff
937 2446 1056 2478 collato
1077 2446 1162 2478 Gaio
1179 2449 1212 2486 4,
1235 2449 1291 2477 444
1338 2447 1351 2486 Η
1390 2449 1430 2477 27
1451 2448 1652 2477 sententiam

219 2488 339 2520 collato
360 2489 444 2521 Gaio
461 2491 492 2528 4,
515 2492 591 2521 462.
614 2492 675 2521 463
693 2491 766 2530 fere
783 2500 859 2522 cum
876 2491 1046 2523 Huschkio
1061 2493 1110 2523 sic
1126 2493 1267 2532 ewpleo:
1294 2493 1362 2523 nisi
1388 2491 1562 2523 arbitratu
1586 2500 1650 2523 suo

220 2535 428 2566 restituatur
445 2536 502 2567 uel
519 2535 742 2573 exhibeatur,
763 2538 887 2578 quanti
906 2546 946 2568 ea
964 2545 1020 2569 res
1037 2540 1089 2569 est
1108 2538 1347 2569 condemnare
1365 2536 1508 2568 iubetur

1681 824 1720 852 40

1680 1223 1719 1251 45

1678 1531 1719 1559 20

1678 1883 1718 1913 25
