1966 3081
351 661 408 699 VL
415 658 561 698 ΡΙΑΝΙ
590 660 743 697 LIBER
777 659 901 697 SING
913 655 1095 697 VLARIS
1126 657 1227 694 REG
1239 653 1364 695 VLAR
1375 657 1444 695 VM

137 753 150 790 1
301 780 460 789 .....
494 750 704 801 prohibet,
750 750 934 801 exceptis
975 746 1227 800 quibusdam
1258 747 1465 798 cognatis,
1510 746 1614 785 etsi

134 810 157 849 2
184 808 278 859 plus
310 807 507 847 donatum
538 808 604 857 sit,
640 820 721 845 11011
747 806 962 846 rescindit.
1011 806 1145 844 Minus
1177 816 1301 856 quam
1333 803 1516 855 perfecta
1548 803 1615 841 lex

185 871 247 903 est
278 877 384 915 quae
416 871 530 903 uetat
561 864 718 915 aliquid
750 864 853 913 lieri,
890 870 930 902 et
957 863 990 901 si
1015 863 1167 901 sactum
1189 862 1255 910 sit,
1292 873 1373 899 non
1397 859 1611 909 rescindit,

184 921 258 960 sed
290 934 467 973 poenam
500 922 680 973 iniungit
711 922 747 959 ei
781 921 852 972 qui
884 926 1026 959 contra
1056 920 1190 970 legem
1223 917 1340 957 fecit:
1389 917 1523 969 qualis
1554 923 1616 955 est

185 979 252 1017 lex
283 979 402 1018 Furia
433 979 767 1029 testamentaria,
810 989 916 1028 quae
949 977 1042 1028 plus
1072 988 1197 1027 quam
1230 975 1341 1014 mille
1371 975 1524 1014 assium
1556 974 1618 1012 le-

185 1043 325 1087 gatum
363 1036 561 1075 mortisue
603 1048 722 1074 causa
764 1034 959 1086 prohibet
997 1045 1170 1084 capere,
1217 1039 1384 1083 praeter
1423 1037 1618 1082 exceptas

185 1105 397 1144 personas,
434 1098 473 1131 et
503 1092 707 1131 aduersus
739 1104 832 1130 eum
865 1092 935 1142 qui
969 1091 1063 1141 plus
1093 1090 1249 1140 ceperit
1273 1088 1497 1140 quadrupli
1520 1100 1620 1138 poe—

184 1161 276 1188 nam
307 1150 535 1189 constituit.

134 1210 156 1247 3
299 1208 384 1245 Lex
414 1213 484 1245 aut
516 1212 704 1258 rogatur,
744 1205 783 1243 id
817 1212 879 1243 est
910 1204 1066 1253 fertur,
1102 1209 1171 1242 aut
1201 1202 1447 1254 abrogatur,
1484 1201 1527 1240 id
1558 1206 1620 1239 est

184 1264 298 1314 prior
329 1264 396 1302 lex
427 1263 608 1313 tollitur,
649 1269 718 1301 aut
749 1262 994 1313 derogatur,
1042 1260 1083 1299 id
1116 1267 1177 1299 est
1208 1272 1305 1311 pars
1336 1260 1493 1311 primae
1525 1258 1620 1310 leyz's

184 1320 358 1371 tollitur,
394 1327 464 1359 aut
495 1320 758 1372 subrogatur,
796 1318 838 1358 id
869 1325 930 1358 est
951 1317 1131 1357 adicitur
1152 1316 1312 1368 aliquid
1334 1317 1495 1367 primae
1519 1315 1616 1366 legi,

184 1383 256 1416 aut
285 1376 525 1428 obrogatur,
562 1378 604 1416 id
636 1384 697 1416 est
730 1382 913 1415 mutatur
943 1374 1103 1426 aliquid
1136 1387 1188 1412 ex
1217 1375 1351 1426 prima
1383 1374 1473 1423 lege
1495 1401 1503 1410 .
1532 1403 1540 1410 .
1571 1402 1578 1410 .
1609 1402 1617 1409 .

135 1438 156 1475 4
298 1435 425 1474 Mores
457 1442 553 1474 sunt
585 1436 734 1473 tacitus
765 1445 992 1472 consensus
1013 1432 1156 1484 populi
1180 1432 1299 1482 longa
1322 1429 1621 1469 consuetudine

186 1492 457 1530 inueteratuS.

735 1582 761 1632 [1
807 1594 853 1619 DE
885 1579 1071 1632 muniris]

136 1665 159 1702 5
304 1661 560 1701 Libertorum
593 1673 745 1712 genera
778 1667 875 1699 sunt
907 1661 997 1710 tria,
1034 1660 1147 1698 ciues
1179 1658 1363 1708 Romani⁷
1402 1658 1532 1697 Latini
1557 1658 1623 1696 lu-

188 1719 315 1768 niani,
352 1718 645 1758 dediticiorum
677 1730 867 1756 numero.

137 1780 159 1816 6
301 1776 423 1815 Ciues
446 1775 614 1814 Romani
636 1782 733 1814 sunt
754 1774 910 1823 liberti,
947 1774 1017 1824 qui
1046 1772 1229 1824 legitime
1251 1772 1495 1810 manumissi
1513 1776 1620 1819 sunt,

187 1833 227 1872 td
258 1838 315 1872 est
343 1833 525 1871 iamdicta
556 1837 627 1871 aut
657 1844 786 1870 censu
817 1838 887 1870 aut
919 1836 1178 1879 testamento,
1220 1829 1333 1867 nullo
1365 1829 1456 1868 iure
1490 1828 1624 1879 impe-

137 1893 158 1930 7
186 1889 344 1929 diente.
406 1889 597 1928 Vindicta
639 1889 990 1927 manumittuntur
1026 1886 1137 1938 apud
1169 1886 1455 1937 magistratum
1483 1885 1625 1937 populi

137 1950 160 1986 8
187 1949 368 1997 Romani,
395 1947 511 1986 uelut
534 1946 743 1985 consulem
762 1950 1041 1997 praetereunte
1065 1944 1127 1982 uel
1143 1943 1449 1995 proconsulem.
1487 1942 1624 1981 Censu

187 2003 589 2043 manumittebantur
631 2004 724 2041 olim
763 2004 835 2053 qui
868 2002 1028 2041 lustrali
1061 2013 1189 2040 censu
1221 2001 1371 2038 Romae
1406 2000 1519 2038 iussu
1552 1999 1627 2038 do-

280 2166 291 2193 ⁴1
324 2164 460 2195 titulum
485 2165 596 2202 operis
621 2164 838 2202 suppeditant
862 2162 1057 2201 fraymenta
1075 2161 1214 2198 quaein
1233 2160 1310 2199 Diq.
1332 2163 1362 2190 et
1383 2159 1462 2190 Coll.
1486 2162 1623 2190 emant:

189 2209 280 2241 tituli
300 2218 341 2241 ex
360 2218 511 2250 corpore
529 2209 663 2248 ulpiani
688 2208 712 2240 C
742 2205 755 2250 ΙΙ
786 2210 896 2238 2—13
917 2209 951 2237 in
974 2206 1136 2245 Cpostp.
1160 2208 1191 2241 6,
1209 2208 1225 2234 3
1247 2204 1434 2236 confirmat
1452 2206 1623 2244 lequinium

187 2256 229 2295 cf.
247 2255 360 2295 praef.
376 2263 411 2294 p.
435 2257 451 2284 3
485 2252 497 2296 Η
530 2257 548 2284 2
568 2257 644 2285 ante
661 2252 829 2294 prohibet
845 2252 917 2291 fere
935 2253 1018 2283 talia
1036 2252 1224 2290 supplenda
1243 2254 1342 2282 sunt:
1362 2251 1455 2287 leges
1469 2252 1527 2281 aut
1543 2258 1626 2291 per-

188 2300 301 2332 fectae
320 2304 403 2332 sunt
419 2302 478 2332 aut
498 2299 727 2341 imperfectae
745 2301 806 2330 aut
823 2299 941 2329 minus
959 2306 1066 2338 quam
1084 2296 1275 2337 perfectae.
1317 2296 1473 2337 perfecta
1499 2296 1554 2327 lex
1573 2298 1626 2326 est.

216 2371 223 2378 .
242 2345 277 2378 .'.
306 2345 513 2387 imperfecta
532 2346 587 2377 lex
605 2347 670 2382 est,
698 2353 789 2385 quae
807 2344 881 2375 fieri
902 2343 1036 2384 aliquid
1063 2344 1172 2379 uetat,
1201 2351 1267 2373 nec
1293 2344 1412 2374 tamen
1439 2343 1466 2373 si
1492 2340 1626 2372 factum

188 2392 244 2430 sit,
273 2392 468 2424 rescindit:
498 2391 614 2432 qualis
630 2392 681 2422 est
702 2390 757 2421 lex
775 2390 911 2427 Cincia,
940 2398 1030 2429 quae
1055 2389 1136 2429 plus
1162 2396 1296 2429 quam.
1320 2413 1327 2418 .
1352 2414 1358 2419 .
1379 2387 1514 2419 donare
1541 2396 1626 2427 pro-

188 2437 287 2469 hihet
325 2435 338 2479 ΙΙ
377 2437 549 2478 cognatis]
577 2436 724 2476 fortasse
740 2436 844 2475 fuerit
860 2436 1025 2476 personis
1057 2432 1069 2476 Η
1101 2436 1118 2463 3
1138 2433 1317 2465 rescindet
1341 2433 1365 2465 C
1399 2431 1411 2475 ΙΙ
1452 2434 1467 2462 4
1488 2433 1626 2463 rescin-

188 2483 247 2515 det
268 2483 293 2516 C
338 2480 350 2525 ΙΙ
399 2486 416 2513 6
442 2484 579 2514 asc-ium
606 2483 761 2522 legatum
785 2481 821 2519 G,
848 2489 947 2513 asses
974 2481 1080 2521 legati
1104 2479 1258 2510 Huschke
1305 2476 1317 2520 ΙΙ
1365 2480 1381 2508 8
1408 2486 1523 2518 poena
1553 2477 1578 2508 C
1614 2476 1627 2519 Η

194 2531 228 2559 10
256 2528 324 2569 lex]
353 2539 394 2560 cx
417 2529 441 2561 C
479 2527 491 2570 ΙΙ
533 2532 543 2558 st
557 2532 566 2558 11
599 2528 735 2569 primae
753 2527 839 2567 legis
862 2527 1032 2562 Cuiacius,
1058 2525 1174 2566 prima
1198 2526 1222 2557 C
1259 2523 1271 2566 Η
1314 2527 1352 2553 43
1380 2523 1528 2563 obrogat
1553 2523 1577 2555 C
1613 2521 1627 2566 Η

196 2576 243 2606 tl».
269 2577 306 2604 15
332 2575 434 2605 indici
451 2576 671 2605 rubricarum
684 2574 968 2612 praemittuntur,
997 2572 1039 2611 cf.
1056 2572 1168 2610 praef.
1187 2579 1222 2609 p.
1245 2573 1261 2600 3
1303 2567 1316 2611 ΙΙ
1356 2571 1393 2599 44
1423 2570 1534 2600 moris
1556 2568 1580 2600 C
1613 2567 1627 2611 ΙΙ

191 2622 230 2650 49
256 2620 468 2651 manumissi
497 2644 504 2651 .
527 2644 534 2651 .
557 2643 564 2650 .
595 2621 634 2650 20
662 2618 822 2650 uindicta
848 2620 909 2650 aut
932 2620 968 2649 in
991 2618 1015 2650 C
1040 2618 1165 2648 omissa
1190 2616 1272 2646 duce
1292 2614 1378 2646 Gaio
1397 2618 1427 2653 1,
1450 2616 1489 2645 17
1509 2615 1625 2645 addita

189 2668 267 2696 sunt
305 2663 318 2707 ΙΙ
356 2667 392 2695 24
423 2666 546 2706 populi
567 2689 574 2696 .
597 2690 604 2697 .
629 2691 635 2697 .
656 2667 698 2696 22
716 2665 966 2705 praetoremue
984 2664 1041 2694 1161
1063 2662 1270 2697 Lachmann,
1299 2660 1541 2700 praeturimue
1559 2669 1625 2690 110-

190 2710 241 2741 lut
257 2711 442 2750 consulem
465 2710 489 2742 C

1646 1209 1685 1237 40

1649 1494 1687 1523 45

1650 1837 1689 1865 20
