1966 3081
658 211 768 215 --—
839 190 1053 226 13-

138 311 303 350 sematis
326 312 765 363 interpretamentisuc.
791 313 1086 363 posterioribus
1119 321 1236 351 enam
1267 321 1378 352 sunl.
1423 328 1472 352 ex
1504 328 1572 353 co—

137 367 300 407 dicibus
336 381 459 420 supra
502 368 677 407 laudatis
719 369 805 420 ipse
843 370 994 407 contuli
1031 371 1057 407 L
1091 371 1122 407 E
1149 371 1423 408 parisiensem
1463 373 1569 409 4409

136 425 265 463 Vatic.
294 437 378 475 reg.
413 425 539 463 ¹050:
562 426 783 464 Bernensis
815 426 1068 464 collationem
1094 426 1330 465 liberalitati
1350 428 1569 466 Hermanni

138 481 275 533 Hagen
313 481 465 531 debeo,
516 482 769 533 reliquorum
811 483 1006 521 lectiones
1049 495 1099 521 ex
1148 483 1332 522 Haenelii
1370 491 1568 534 apparatu

138 539 332 589 repeliui.

249 595 311 633 Ad
343 607 412 633 eas
440 594 624 646 denique
647 596 898 645 sententiffiis
934 608 1036 647 quas
1059 597 1128 635 501·
1133 610 1168 634 ie
1188 595 1454 648 Appendices
1476 598 1571 645 Legi

136 652 339 691 Romanae
371 652 691 703 wisigothorum
727 653 765 690 in
808 653 1019 691 nonnullis
1057 653 1271 692 codicibus
1303 653 1490 692 adnexae
1521 667 1571 693 ex

139 709 298 760 integro
316 721 441 760 opeie
465 715 677 760 excerptas
696 710 732 748 h
725 709 864 748 ‹¹1btnt.
891 723 984 748 cum
1008 710 1080 749 has
1096 709 1364 762 Appendices
1386 724 1569 749 seorsum

137 765 328 804 editurus
350 766 447 814 sini,
475 765 681 805 delectum
704 768 913 805 uariarum
938 767 1156 806 lectionum
1181 767 1300 806 dedi:
1340 767 1570 819 eodemque

138 821 255 862 modo
289 823 472 873 reliquos
503 824 803 862 sententiarum
836 831 1025 863 auctores
1056 824 1242 863 adhibui.
1298 826 1441 876 paucis
1473 825 1571 865 locis

135 878 186 917 ad
211 892 351 918 ueram
384 880 599 918 lectionem
630 881 931 920 restituendam
962 887 1147 920 ueterem
1172 882 1475 921 sententiarum
1505 882 1571 920 in—

137 937 498 988 terpretationem,
526 949 634 988 quae
658 939 775 988 Legis
799 939 1003 976 Romanae
1027 938 1172 989 Wisig.
1198 945 1356 989 partem
1383 938 1497 977 facit.
1529 940 1568 977 in

135 993 368 1032 subsidium
392 994 554 1033 uocaui.

248 1050 384 1102 Atque
416 1057 460 1089 ut
482 1058 700 1102 appareat,
734 1050 846 1090 unde
870 1052 1056 1103 singulae
1089 1053 1320 1090 sententiae
1354 1053 1568 1091 restitutae

134 1108 240 1155 sint,
275 1109 315 1145 in
339 1107 601 1146 adnotatione
623 1109 861 1159 superiore,
896 1109 929 1147 si
961 1109 1032 1159 qui
1070 1116 1237 1159 praeter
1273 1111 1420 1160 Legem
1450 1111 1565 1147 Rom.

134 1165 279 1216 Wisig.
301 1165 602 1203 sententiarum
621 1172 806 1203 auctores
825 1172 980 1213 extant,
1003 1178 1071 1204 eos
1089 1165 1279 1214 laudabo,
1308 1167 1349 1204 in
1373 1173 1569 1205 contextu

134 1228 271 1260 autem
303 1221 415 1259 Pauli
454 1221 675 1260 uerborum
714 1223 873 1271 onmia,
915 1235 1020 1273 quae
1060 1223 1100 1260 in
1132 1224 1237 1274 Lege
1269 1223 1382 1261 Rom.
1418 1224 1566 1274 Wisig.

134 1279 283 1316 omissa
306 1284 415 1326 sunt,
442 1278 617 1317 stellulis
639 1280 995 1330 circumsaepiam.

247 1335 383 1374 Restat
406 1342 449 1373 ut
475 1335 526 1374 de
550 1335 667 1374 titulo
690 1336 826 1386 operis
851 1348 980 1387 pauca
1001 1348 1359 1387 praemoneamus.
1388 1338 1427 1375 in
1446 1337 1570 1388 Dige-

133 1392 206 1430 stis
230 1391 452 1431 Collatione
474 1392 789 1443 Appendicibus
810 1394 915 1444 Lege
937 1393 1116 1431 Romana
1138 1393 1480 1445 Burgundionum
1505 1395 1570 1432 ci-

133 1455 274 1488 tantur
305 1449 422 1488 Paulz·
449 1450 737 1488 sententiarum
769 1450 834 1488 lib.
869 1451 986 1489 Iete.
1007 1482 1015 1497 ,
1057 1463 1234 1501 quocum
1270 1451 1568 1489 Consultationi

132 1517 298 1557 quoque
325 1507 541 1555 conuenit,
576 1507 655 1544 nisi
690 1506 800 1557 quod
825 1507 924 1545 haec
956 1508 1085 1546 semel
1125 1506 1175 1558 (6,
1206 1507 1243 1559 6)
1280 1509 1568 1547 sententiarum

135 1568 380 1614 receptarum
421 1563 584 1602 titulum
626 1563 781 1602 laudat.
833 1565 872 1602 in
911 1564 1122 1615 plerisque
1159 1566 1276 1615 Legis
1307 1566 1421 1603 Rorn.
1458 1566 1562 1605 wis.

133 1619 348 1659 codicibus
381 1619 482 1658 libro
506 1620 519 1657 Ι
543 1621 825 1671 praemittitur
848 1621 912 1659 hic
941 1622 1086 1660 titulus
1110 1622 1228 1660 Pauli
1251 1623 1536 1661 sententiarum
1554 1637 1564 1659 .-

133 1684 169 1714 at
197 1678 235 1715 in
259 1676 398 1715 codice
422 1679 456 1715 E
474 1684 511 1715 et
535 1678 576 1715 in
599 1676 845 1716 Rosamhino
868 1678 1020 1729 legitur
1051 1678 1260 1729 z‘ulspsmli
1279 1680 1565 1717 sententiarum

133 1733 186 1772 (cd
210 1734 358 1785 filium,
387 1746 565 1784 quocum
598 1735 863 1773 consentiunt
894 1736 1107 1786 inscriptio
1138 1735 1236 1773 libri
1259 1736 1309 1773 ΙΙΙ
1343 1736 1382 1774 in
1407 1737 1437 1774 L
1465 1736 1567 1774 alio-

134 1803 308 1842 rumque
331 1790 517 1830 codicum
540 1791 845 1843 inscriptiones,
873 1804 976 1843 quas
998 1793 1151 1831 Haenel
1179 1793 1218 1830 in
1243 1791 1424 1831 editione
1448 1794 1568 1844 Legis

130 1848 246 1886 Rom.
272 1848 373 1885 Wis.
408 1861 450 1899 p.
476 1848 556 1885 338
588 1848 698 1887 citat.
726 1848 792 1887 hic
816 1849 960 1888 titulus
982 1850 1083 1901 quin
1107 1850 1316 1901 genuinus
1338 1851 1412 1900 sit,
1439 1849 1566 1889 dubi-

133 1905 208 1942 iari
233 1906 303 1943 uix
326 1911 474 1956 potest.
515 1912 654 1943 contra
671 1905 918 1944 uocabulum
945 1911 1207 1958 receptarum,
1236 1906 1347 1958 quod
1365 1913 1400 1945 et
1428 1907 1565 1958 ipsum

132 1968 233 2000 teste
258 1963 454 2000 Haenelio
494 1963 535 2000 in
564 1962 776 2001 nonnullis
808 1964 1157 2014 Legis‘Ronianae
1196 1963 1407 2002 codicibus
1438 1964 1561 2014 redit,

132 2020 358 2069 genuinum
389 2031 470 2057 non
503 2031 592 2058 esse
625 2018 713 2058 sere
736 2032 877 2058 omnes
909 2021 988 2059 uiri
1021 2019 1127 2059 docti
1152 2020 1274 2059 hodie
1298 2022 1565 2059 consentiunt

133 2082 169 2113 et
194 2075 294 2114 mihi
318 2087 482 2126 quoque
504 2089 752 2127 persuasum
776 2085 852 2115 esi.

610 2259 645 2288 j!
661 2271 701 2284 ε
722 2259 945 2289 Monacensis
964 2259 990 2289 D
1011 2261 1028 2288 2

608 2303 633 2334 L
663 2317 703 2330 =
724 2304 932 2335 Parisiensis
952 2305 1036 2334 4403

609 2350 630 2379 A
663 2362 704 2375 =
723 2349 987 2381 Aurelianensis
1007 2352 1067 2380 207

613 2395 637 2425 Ε
661 2408 701 2421 --
720 2394 972 2435 Eporediensis
991 2398 1030 2426 35
