1942 3081
355 120 454 151 Paul.
475 120 517 159 Y,
539 121 592 151 45,
618 121 654 148 16
860 140 973 146 .-
1034 117 1112 156 124
1172 139 1282 146 ..-.

301 245 327 283 2
355 243 482 283 debet
504 249 543 282 et
564 242 760 296 dignitas.
823 243 868 282 In
890 242 1070 282 adfinem
1094 242 1162 282 uel
1183 249 1400 294 cognatum
1432 242 1553 281 inuiti
1576 247 1702 280 testes
1724 241 1791 280 in-

300 303 324 340 3
353 301 554 352 terrogari
584 314 665 340 non
688 307 876 352 possunt.
938 299 1153 340 Aduersus
1175 312 1217 338 se
1242 300 1424 339 inuicem
1458 305 1654 351 parentes
1674 305 1715 337 et
1738 299 1790 338 li-

353 358 460 409 beri,
487 359 670 410 itemque
692 356 833 396 liberti
857 370 933 397 nec
953 357 1142 396 uolentes
1164 356 1214 396 ad
1237 356 1519 396 testimonium
1542 355 1788 395 admittendi

353 422 475 466 sunt,
515 416 613 467 quia
642 415 702 453 rei
737 427 863 454 uerae
897 415 1181 454 testimonium
1216 412 1480 453 necessitudo
1518 425 1787 464 personarum

304 475 325 512 4
354 473 605 525 plerumque
628 470 868 523 corrumpit.
934 473 1097 521 Testes,
1131 484 1223 510 cum
1247 470 1298 510 de
1321 469 1402 510 fide
1425 469 1663 510 tabularum
1684 469 1789 509 nihil

302 531 325 568 ὃ
354 529 530 580 dicitur,
565 528 767 569 aduersus
796 529 1043 580 scripturam
1066 528 1313 580 interrogari
1345 540 1425 566 non
1455 533 1645 579 possunt.
1709 527 1788 573 Qui

354 586 455 626 falso
477 586 546 626 uel
578 586 692 625 uarie
725 585 960 625 testimonia
991 584 1190 624 dixerunt
1220 585 1289 624 uel
1318 586 1486 636 utrique
1516 585 1623 636 parti
1647 582 1790 636 prodi-

353 643 530 693 derunt,
567 649 637 682 aut
677 643 720 680 in
753 643 923 681 exilium
952 648 1134 693 aguntur
1165 648 1235 681 aut
1265 642 1308 680 in
1339 642 1519 681 insulam
1548 641 1791 693 relegantur

301 703 326 739 6
352 707 421 740 aut
444 701 558 740 curia
579 698 898 739 submouentur.
951 699 998 737 In
1019 711 1063 737 re
1085 699 1324 750 pecuniaria
1345 705 1564 747 tormenta,
1591 698 1673 737 nisi
1696 710 1789 737 cum

352 757 404 797 de
428 757 554 796 rebus
576 756 842 796 hereditariis
864 756 1093 808 quaeritur,
1120 768 1203 794 non
1224 755 1500 795 adhibentur:
1527 756 1628 795 alias
1651 761 1787 795 autem

352 813 625 854 iureiurando
648 820 719 853 aut
742 812 918 853 testibus
941 813 1221 865 explicantur.

688 938 764 991 [ΠΙ
823 951 871 977 DE
903 951 1100 978 sssnvonvm
1131 937 1447 988 QVAESTIONIBVS]

305 1022 318 1059 -1
468 1019 647 1058 Seruum
677 1017 730 1058 de
760 1018 865 1058 facto
888 1019 930 1057 in
953 1031 996 1058 se
1019 1018 1269 1069 interrogari
1290 1029 1411 1069 posse
1444 1017 1546 1056 ratio
1570 1016 1791 1067 aequitatis

352 1075 556 1115 ostendit:
590 1088 667 1114 nec
697 1076 809 1114 enim
831 1075 978 1115 obesse
1000 1076 1038 1114 ei
1060 1074 1206 1125 debet,
1242 1075 1314 1126 qui
1336 1087 1411 1126 per
1440 1086 1608 1113 seruum
1631 1072 1791 1124 aliquid

300 1137 326 1174 ⁴2
351 1134 442 1173 sine
464 1133 653 1173 cautione
685 1132 919 1173 commodat
947 1133 1012 1172 uel
1043 1131 1229 1184 deponit.
1293 1130 1425 1171 ludex
1454 1131 1645 1170 tutelaris
1667 1130 1790 1169 item—

353 1203 434 1242 que
464 1190 740 1240 centumuiri,
774 1190 808 1229 si
840 1190 961 1230 aliter
989 1189 1042 1229 de
1070 1188 1195 1228 rebus
1232 1188 1502 1228 hereditariis
1528 1188 1598 1227 uel
1628 1187 1680 1226 de
1708 1186 1788 1227 fide

353 1248 523 1300 generis
553 1247 704 1286 instrui
735 1260 817 1286 non
838 1254 1031 1299 possunt,
1058 1252 1253 1298 poterunt
1274 1245 1327 1285 de
1358 1245 1493 1285 seruis
1524 1243 1790 1284 hereditariis

301 1307 325 1345 3
352 1304 506 1344 habere
530 1304 831 1356 quaestionem.
895 1305 1016 1343 Serui
1047 1304 1172 1343 alieni
1194 1303 1237 1342 in
1259 1303 1431 1343 alterius
1462 1308 1585 1354 caput
1605 1314 1689 1340 non
1709 1302 1790 1340 nisi

351 1362 506 1413 singuli
528 1362 712 1413 torqueri
745 1367 932 1413 possunt.
995 1367 1036 1400 et
1057 1362 1134 1400 hoc
1156 1360 1288 1399 inuito
1310 1359 1476 1399 domino
1505 1372 1588 1398 non
1610 1365 1673 1398 est
1692 1371 1792 1410 per—

354 1418 628 1469 mittendum,
662 1418 744 1457 nisi
777 1417 954 1468 delator⁷
991 1418 1110 1457 cuius
1139 1417 1315 1457 interest
1337 1416 1450 1469 quod
1481 1415 1662 1455 intendit
1692 1428 1791 1467 pro-

354 1476 478 1527 bare,
512 1475 648 1528 pretia
679 1488 822 1514 eorum
845 1476 990 1527 quanti
1012 1474 1204 1514 dominus
1231 1475 1436 1513 taxauerit
1463 1472 1620 1512 inferre
1641 1473 1696 1512 sit
1715 1485 1792 1525 pa-

303 1535 326 1573 4
355 1541 482 1584 ratus,
503 1533 572 1572 uel
589 1539 703 1571 certe
720 1532 940 1572 deterioris
956 1531 1052 1572 facti
1069 1532 1183 1571 serui
1201 1531 1346 1571 subire
1363 1531 1630 1570 taxationem.
1663 1531 1792 1569 Seruo

355 1591 427 1641 qui
457 1590 564 1629 ultro
591 1589 753 1641 aliquid
783 1589 835 1629 de
858 1589 1024 1629 domino
1046 1589 1286 1639 confitetur,
1323 1587 1426 1628 fides
1457 1601 1539 1627 non
1562 1599 1792 1627 accommo-

356 1648 501 1687 datur:
534 1659 613 1686 nec
635 1647 746 1685 enim
768 1653 929 1699 oportet
950 1648 993 1686 in
1016 1646 1143 1686 rebus
1166 1645 1308 1685 dubiis
1330 1645 1505 1685 salutem
1527 1644 1789 1684 dominorum

302 1706 326 1743 5
354 1717 573 1744 seruorum
594 1703 766 1743 arbitrio
789 1704 1000 1743 committi.
1067 1704 1188 1743 Serui
1219 1705 1261 1742 in
1284 1709 1408 1755 caput
1429 1702 1584 1742 domini
1607 1714 1746 1753 neque
1768 1713 1791 1740 a

354 1760 549 1813 praeside
570 1773 709 1812 neque
731 1775 754 1801 a
774 1767 1064 1813 procuratore,
1091 1772 1230 1812 neque
1254 1761 1293 1799 in
1325 1759 1578 1812 pecuniariis
1599 1770 1725 1810 quam
1747 1758 1791 1797 in

304 1821 327 1857 6
355 1817 603 1870 capitalibus
625 1819 760 1857 causis
791 1819 1040 1869 interrogari
1062 1822 1247 1868 possunt.
1312 1817 1550 1856 Communis
1579 1828 1727 1855 seruus
1748 1815 1790 1853 iu

303 1876 327 1915 7
355 1881 477 1927 caput
506 1875 677 1914 alterius
700 1888 751 1914 ex
772 1874 951 1914 dominis
980 1875 1166 1926 torqueri
1190 1887 1271 1913 non
1301 1879 1452 1925 potest.
1515 1874 1594 1919 Qui
1621 1885 1790 1912 seruum

356 1932 448 1971 ideo
472 1933 752 1984 comparauit,
784 1945 836 1971 nc
860 1933 900 1971 in
923 1945 967 1971 se
989 1938 1279 1983 torqueretur7
1306 1931 1495 1970 restituto
1517 1931 1652 1982 pretio
1674 1935 1791 1982 pote-

302 1992 327 2029 8
355 1990 406 2028 rit
431 1989 696 2042 interrogari.
730 1990 888 2029 Seruus
909 1990 951 2028 in
974 1995 1098 2041 caput
1120 1989 1209 2028 eius
1230 1987 1401 2038 domini,
1429 2000 1450 2027 a
1468 1999 1548 2039 quo
1570 1986 1792 2027 distractus

354 2053 414 2085 est
437 2047 588 2098 cuique
619 2046 842 2098 aliquando
870 2046 1072 2097 seruiuit‚
1105 2047 1147 2084 in
1170 2046 1410 2085 memoriam
1437 2045 1590 2097 prioris
1620 2043 1790 2084 dominii

554 2158 609 2166 r-ss
618 2158 642 2166 ω
650 2160 652 2163 =
660 2158 786 2166 *ssu-sm&
793 2158 835 2165 ⁷22..
850 2159 864 2163 2,
874 2158 1161 2166 r-fsMMs«pcxxsxs-A
1170 2158 1179 2161 ›
1192 2158 1227 2165 a».
1236 2157 1331 2164 „acam
1340 2157 1414 2165 «mnf»
1424 2157 1479 2165 ΑΛΓ
1487 2157 1500 2163 f·
1508 2156 1575 2164 Mu„
1583 2157 1594 2163 c

450 2220 503 2255 45,
520 2219 551 2248 9..
568 2219 584 2247 3
606 2229 645 2243 =
670 2216 810 2249 collatio
822 2219 854 2256 9,
873 2218 904 2256 3,
922 2219 952 2249 2.
971 2219 987 2247 3
1030 2216 1043 2257 ΙΙ
1086 2219 1139 2255 45,
1157 2218 1173 2247 5
1194 2229 1235 2243 =
1255 2215 1395 2248 Collatio
1410 2217 1442 2254 8,
1459 2218 1476 2246 3
1498 2215 1575 2255 Diq.
1593 2216 1647 2253 22,
1664 2216 1696 2252 5,
1714 2216 1753 2245 46
1779 2211 1792 2255 ΙΙ

357 2264 410 2302 46,
433 2265 450 2293 2
469 2276 510 2290 =
530 2263 608 2302 Diy.
631 2263 684 2300 48,
707 2265 758 2297 48,
782 2264 835 2297 48,
857 2264 872 2293 4
923 2262 936 2303 ss
986 2264 1038 2300 46,
1062 2263 1078 2293 4
1099 2276 1139 2289 --.
1160 2262 1238 2303 1349.
1260 2263 1313 2301 48,
1335 2263 1389 2301 48,
1412 2263 1465 2298 48,
1488 2263 1505 2292 5
1545 2260 1559 2300 ΙΙ
1609 2262 1662 2298 46,
1684 2257 1791 2290 s-sb

355 2321 397 2335 =
417 2308 494 2349 Diq.
518 2309 572 2347 48,
595 2310 647 2347 48,
671 2310 725 2346 48,
746 2310 831 2338 6-8

354 2397 538 2407 &snm-»xxm
542 2397 583 2406 κ’»
587 2398 605 2406 κ
609 2397 725 2406 ’-κ’,κπω
731 2402 737 2405 ⁴
750 2398 764 2405 c>
768 2397 909 2405 «φ-,κκυκκ
914 2397 1022 2405 «κω
1026 2397 1044 2406 x,

449 2470 466 2498 3
495 2476 561 2500 nec
579 2468 655 2499 dett.
676 2475 752 2498 cum
773 2465 870 2505 Con„
891 2467 958 2498 nisi
978 2467 1025 2503 M,
1046 2475 1110 2497 om.
1132 2467 1156 2498 L
1205 2465 1218 2506 ΙΙ
1267 2468 1284 2496 6
1310 2464 1453 2505 dicitur}
1471 2465 1618 2504 fortasse
1635 2463 1791 2496 obicitur

354 2522 423 2545 scr.
466 2513 480 2553 ΙΙ
522 2516 560 2544 43
588 2512 692 2553 facto]
717 2511 808 2544 facto
828 2520 892 2543 suo
916 2512 1075 2544 Cuiacius
1092 2521 1169 2543 cum
1187 2512 1466 2551 Interpretatione
1505 2510 1518 2550 ΙΙ
1561 2512 1599 2540 45
1627 2518 1791 2541 commo-

356 2559 417 2591 dat
441 2559 498 2590 uel
523 2559 742 2595 Studemund,
773 2557 1041 2589 commodatum
1067 2558 1195 2589 codices
1249 2557 1262 2597 U
1319 2559 1359 2587 22
1386 2565 1489 2587 seruo
1515 2557 1594 2587 dett.
1615 2564 1691 2587 cum
1709 2555 1787 2596 Diq.

355 2613 486 2636 seruus
504 2605 567 2636 ML
607 2604 620 2644 {l
661 2605 701 2634 24
729 2612 845 2644 neque
865 2603 941 2644 Diy.
984 2603 998 2643 ΙΙ
1039 2603 1074 2634 in
1094 2603 1202 2634 rebus
1218 2602 1338 2634 dubiis
1351 2610 1415 2633 om.
1435 2602 1509 2642 Diy.
1553 2600 1567 2641 Η
1607 2603 1648 2632 28
1675 2603 1791 2642 potest

357 2650 404 2689 M,
426 2652 545 2691 cpotct
564 2650 619 2688 La,
640 2651 777 2691 oportet
797 2647 841 2681 Lb
881 2648 894 2689 ΙΙ
934 2648 1005 2689 qui]
1028 2649 1057 2680 si
1075 2649 1155 2689 quis
1174 2648 1347 2688 Schultiny

1817 762 1856 791 ⁴0

1817 1138 1856 1167 ⁴5

1815 1424 1856 1453 20

1816 1709 1857 1738 25

1818 1994 1857 2022 30
