1966 3081
664 194 775 200 —
840 173 880 210 ῙῙ
946 196 1058 201 —-—
1407 175 1481 213 th.
1507 177 1535 205 5.
1559 177 1576 205 6

149 297 286 336 Latina
312 297 478 336 Latinus
510 297 692 335 nascitur
723 302 763 335 et
795 309 846 335 ex
877 296 1006 335 libero
1037 303 1075 335 et
1099 297 1243 335 ancilia
1268 310 1438 344 seruus,
1473 311 1578 349 quo-

147 354 272 402 niam,
299 366 391 392 cum
414 353 479 392 his
500 352 664 392 casibus
686 352 860 392 conubia
885 365 966 391 non
988 354 1085 397 sint,
1115 360 1258 405 partus
1280 356 1470 405 sequitur
1492 368 1580 393 ma-

71 409 119 448 ⁴0
148 417 267 449 trem.
316 411 360 448 ln
382 410 459 459 his7
486 410 556 461 qui
582 409 672 448 iure
695 415 903 449 contracto
925 411 1184 449 matrimonio
1208 417 1452 460 nascuntur,
1480 424 1578 450 con-

0 880 118 926 1⁴2

95 1173 117 1212 3

96 1289 116 1326 4

96 1460 119 1498 5

97 1631 119 1668 6

96 1857 119 1895 7

97 2029 120 2067 8

99 2201 121 2239 9

148 468 350 518 ceptionis
378 473 542 518 tempus
572 472 795 518 spectatur:
832 468 872 505 in
906 466 968 506 his
998 473 1158 514 autem,
1195 468 1266 518 qui
1293 479 1373 506 non
1397 468 1577 519 legitime

147 524 458 574 concipiuntur.
495 522 704 562 editionis.
750 523 882 563 ueluti
905 524 937 562 si
960 524 1107 563 ancilla
1130 526 1387 576 conceperit,
1425 524 1577 563 deinde

147 581 399 620 manumissa
420 581 567 632 pariat⁷
593 579 774 619 liberum
796 581 922 632 parit:
957 593 1052 619 nam
1075 582 1268 632 quoniam
1292 593 1372 619 non
1397 582 1577 633 legitime

127 638 352 688 concepit.
381 649 472 676 cum
497 636 691 676 editionis
714 644 898 688 tempore
922 637 1049 676 libera
1074 639 1147 686 sit‚
1174 644 1317 689 partus
1339 650 1504 689 quoque
1529 639 1579 676 ii-

146 694 222 733 ber
243 701 318 733 est.

677 808 729 859 [vt
789 821 835 846 DE
868 808 1043 860 normvs]

256 887 336 926 Dos
357 893 424 926 aut
450 886 571 925 ‹latur
593 893 662 926 aut
686 886 840 927 dit-itur
861 894 929 927 aut
951 889 1220 938 promittitur.
1271 889 1413 927 Dotem
1437 887 1578 928 dicere

146 950 277 996 potest
307 944 456 983 mulier
486 956 593 995 quae
624 951 804 996 nuptura
828 951 887 984 est
913 952 950 983 et
975 944 1139 984 debitor
1162 945 1369 987 mulieris,
1405 947 1438 984 si
1463 946 1579 984 iussu

145 1002 236 1041 eius
267 1000 399 1040 dicat:
448 1002 533 1039 item
567 1013 719 1052 parens
750 1002 938 1040 mulieris
969 1003 1105 1041 uirilis
1142 1014 1266 1041 sexus
1302 1015 1378 1054 per
1416 1003 1578 1042 uirilem

145 1071 290 1097 sexum
312 1059 549 1110 cognatione
574 1058 759 1097 iunctus.
794 1059 909 1097 uelut
941 1065 1059 1110 pater
1087 1072 1192 1098 auus
1214 1065 1425 1110 paternus.
1480 1058 1580 1098 dare

146 1116 386 1167 promittere
409 1114 547 1154 dotem
570 1127 713 1153 omnes
736 1122 923 1166 possunt.

258 1172 337 1210 Dos
364 1177 434 1210 aut
462 1170 702 1222 profecticia
732 1172 905 1220 dicitur,
945 1171 984 1210 id
1016 1178 1076 1211 est
1105 1184 1228 1223 quam
1251 1178 1370 1223 pater
1392 1173 1579 1211 mulieris

145 1228 281 1277 dedit,
307 1235 376 1268 aut
398 1227 656 1276 aduenticia.¹
682 1228 724 1267 id
748 1236 806 1268 est
831 1242 876 1268 ea
900 1241 1008 1280 quae
1030 1242 1050 1267 a
1073 1230 1223 1280 quouis
1245 1229 1323 1267 alio
1346 1228 1439 1268 data
1464 1235 1536 1268 est.

257 1286 413 1324 Mortua
444 1286 484 1324 in
518 1286 779 1324 matrimonio
814 1286 988 1325 muliere
1018 1286 1090 1325 dos
1123 1299 1145 1325 a
1175 1293 1294 1338 patre
1326 1286 1506 1336 profecta
1530 1286 1578 1325 ad

144 1348 301 1394 patrem
326 1343 565 1391 reuertitur⁷
593 1343 751 1393 quintis
774 1344 813 1382 in
837 1343 1021 1394 singulos
1045 1343 1199 1382 liberos
1221 1344 1263 1382 in
1288 1343 1495 1382 infinitum
1515 1357 1582 1382 re-

145 1399 253 1438 lictis
275 1412 404 1451 penes
428 1400 579 1438 uirum.
635 1399 747 1451 quod
769 1402 803 1439 si
825 1409 943 1451 pater
964 1413 1046 1439 non
1069 1401 1136 1449 sit⁷
1162 1400 1275 1452 apud
1298 1401 1490 1440 maritum
1514 1413 1582 1439 re-

145 1463 300 1495 manet.
363 1455 610 1496 Aduenticia
651 1464 787 1496 autem
825 1457 898 1496 dos
929 1470 1095 1509 semper
1124 1470 1254 1508 penes
1287 1459 1480 1497 maritum
1515 1470 1582 1497 re-

145 1520 306 1559 manet‚
332 1519 626 1564 praeterquam
649 1514 683 1552 si
708 1514 741 1552 is
763 1515 836 1565 qui
859 1513 994 1564 dedit7
1026 1521 1070 1553 ut
1093 1514 1173 1553 sibi
1197 1514 1470 1564 redderetur,
1507 1515 1581 1553 sti-

147 1570 313 1622 pulatus
335 1569 476 1609 fuerit:
507 1582 612 1621 quae
636 1570 709 1609 dos
731 1572 969 1622 specialiter
993 1572 1212 1623 recepticia
1234 1570 1402 1610 dicitur.

259 1627 446 1666 Diuortio
479 1626 606 1675 facto,
642 1629 676 1666 si
706 1627 875 1678 quidem
904 1629 969 1668 sui
994 1629 1094 1667 iuris
1115 1629 1167 1667 sit
1191 1628 1361 1675 mulier,
1397 1629 1484 1680 ipsa
1508 1628 1582 1667 ha-

148 1684 213 1723 bet
240 1685 301 1723 rei
318 1685 494 1723 uoeoriae
515 1685 737 1732 actionem,
776 1684 817 1724 id
839 1691 899 1724 est
923 1684 1030 1724 dotis
1053 1686 1358 1737 repetitionem.
1414 1684 1526 1737 quod
1548 1687 1580 1724 si

147 1743 190 1779 in
221 1747 424 1792 potestate
455 1743 585 1792 patris
616 1742 692 1791 sit,
728 1748 848 1792 pater
878 1741 1076 1782 adiuncta
1111 1742 1218 1781 filiae
1250 1755 1426 1793 persona
1458 1742 1580 1781 habet

147 1798 349 1837 actionem
381 1798 444 1836 ree'
472 1799 673 1837 umor-iae:
718 1811 795 1837 nec
832 1799 1027 1848 interest,
1071 1798 1308 1838 aduenticia
1339 1800 1393 1838 sit
1425 1798 1498 1838 dos
1531 1812 1580 1838 an

146 1854 401 1907 profecticia.
467 1855 559 1893 Post
598 1854 823 1895 diuortium
861 1855 1056 1895 defuncta
1093 1856 1265 1895 muliere
1306 1855 1451 1896 heredi
1493 1858 1583 1896 eius

145 1913 251 1951 actio
271 1924 354 1951 non
377 1911 499 1951 aliter
520 1911 664 1962 datur,
699 1925 824 1964 quam
853 1913 887 1952 si
919 1925 1074 1952 moram
1104 1914 1147 1951 in
1180 1913 1273 1953 dote
1296 1914 1460 1953 mulieri
1486 1913 1584 1952 red-

146 1968 284 2008 denda
305 1969 479 2008 maritus
501 1969 661 2008 fecerit.

259 2026 338 2065 Dos
361 2027 393 2065 si
416 2025 602 2077 pondere
624 2039 796 2066 numero
819 2039 1012 2067 mensura
1035 2028 1318 2076 contineatur,
1353 2039 1490 2067 annua
1517 2027 1585 2066 bi—

148 2095 211 2122 ma
233 2084 356 2122 trima
379 2082 447 2121 die
470 2082 681 2133 redditur,
716 2085 796 2123 nisi
824 2085 857 2123 si
886 2090 931 2123 ut
963 2097 1165 2136 praesens
1194 2083 1398 2123 reddatur
1428 2096 1584 2124 conue-

147 2141 272 2179 nerit.
318 2140 503 2190 reliquae
527 2139 644 2179 dotes
666 2142 806 2180 statim
828 2140 1079 2180 redduntur.

262 2198 527 2236 Retentiones
556 2210 607 2236 ex
637 2197 731 2237 dote
755 2198 859 2237 fiunt
882 2203 954 2237 aut
970 2203 1137 2250 propter
1158 2198 1302 2237 liberos
1324 2205 1393 2238 aut
1418 2205 1584 2250 propter

237 2337 255 2365 2
283 2334 384 2374 sequi
407 2333 431 2365 C
466 2332 478 2375 ΙΙ
515 2336 531 2364 3
553 2334 821 2365 matrimonium
844 2333 868 2365 C
900 2332 912 2374 Η
953 2336 968 2364 4
991 2337 1131 2375 tempus
1150 2336 1334 2375 spectatur
1357 2335 1471 2371 Titius,
1493 2337 1583 2365 tem-

147 2388 233 2421 pore
257 2382 466 2420 exceptatur
487 2378 511 2410 C
548 2377 561 2420 ΙΙ
603 2382 641 2409 40
668 2379 911 2420 promittimur
940 2380 981 2412 Ca
1027 2378 1039 2422 ΙΙ
1089 2382 1127 2410 42
1155 2381 1239 2412 item
1264 2381 1451 2416 Alcander,
1481 2380 1583 2410 insti-

147 2428 244 2457 tutus
265 2422 290 2457 C
308 2426 525 2464 (pertitulans
543 2427 644 2457 notis)
685 2423 697 2466 ΙΙ
740 2427 779 2455 45
805 2424 878 2465 aut]
906 2428 1026 2457 autem
1048 2425 1072 2458 C
1117 2423 1130 2467 ΙΙ
1178 2428 1216 2456 17
1242 2429 1319 2465 post
1335 2425 1486 2456 muliere
1503 2426 1535 2455 in
1560 2424 1584 2456 C

147 2471 230 2502 nihil
255 2479 412 2504 erasum.
447 2471 505 2501 sed
527 2474 671 2509 propter
694 2471 913 2502 membranae
936 2473 1055 2502 uitium
1080 2480 1228 2502 uacuum
1255 2473 1403 2510 spatium
1428 2471 1583 2501 relictum-

149 2519 199 2548 est
235 2514 248 2558 ΙΙ
287 2518 327 2546 22
355 2515 419 2547 fuit
440 2516 465 2547 C
501 2514 513 2557 ΙΙ
553 2518 591 2546 24
621 2517 671 2547 rei
690 2516 836 2547 uxoriae
856 2516 974 2553 Faber,
999 2526 1062 2548 om.
1087 2516 1111 2548 C
1147 2515 1159 2558 11
1199 2519 1340 2548 actione
1362 2516 1387 2547 C
1425 2514 1437 2556 Η
1477 2515 1511 2546 id
1531 2519 1581 2546 est

149 2561 184 2593 d.
206 2570 278 2603 rep.
300 2562 363 2593 del.
384 2561 492 2593 Faber
526 2559 538 2603 Η
575 2563 616 2592 25
636 2561 825 2593 adiunctae
848 2561 872 2594 C
906 2560 918 2603 Ι]
955 2565 996 2593 ΞΒ
1014 2563 1065 2594 rei
1084 2563 1230 2594 uxoriae
1251 2561 1420 2593 (lutacius.
1443 2570 1479 2591 re
1497 2569 1580 2592 uera

154 2606 296 2645 Comus
309 2609 527 2646 permutati&
568 2605 581 2650 ΙΙ
621 2609 661 2638 27
688 2607 875 2638 mulierem
897 2607 921 2640 C
954 2607 966 2649 ΙΙ
1007 2610 1046 2638 30
1067 2616 1256 2639 numerum
1280 2606 1304 2639 C
1342 2605 1354 2648 Η
1394 2609 1429 2637 34
1462 2606 1579 2645 trima}

150 2653 254 2683 trima
400 2662 417 2684 a
438 2654 501 2691 (sic
518 2661 628 2684 uacuo
646 2655 755 2692 spatio
773 2656 850 2684 ante
867 2662 887 2684 a
904 2654 1032 2685 relicto
1060 2653 1084 2685 C
1121 2651 1134 2694 11
1173 2653 1231 2684 die
1251 2651 1419 2683 reddetur
1440 2651 1464 2684 C
1501 2649 1514 2692 ΙΙ
1554 2653 1580 2682 >t

151 2706 212 2729 om.
240 2697 279 2729 (3³
318 2696 330 2738 Η
370 2701 408 2728 33
430 2700 655 2729 retenteones
678 2698 718 2730 C³
749 2696 762 2739 Η
802 2701 859 2729 aut
879 2702 1024 2739 propter
1044 2698 1175 2729 liberos
1199 2697 1311 2728 Titius.
1333 2705 1396 2728 om.
1423 2696 1446 2728 C

1608 895 1645 923 to

1608 1180 1647 1207 45

1610 1464 1647 1492 20

1610 1749 1650 1777 25

1610 2034 1649 2062 30
