<?xml version="1.0" encoding="UTF-8"?>
<!DOCTYPE html PUBLIC "-//W3C//DTD XHTML 1.0 Transitional//EN"
    "http://www.w3.org/TR/xhtml1/DTD/xhtml1-transitional.dtd">
<html xmlns="http://www.w3.org/1999/xhtml" xml:lang="en" lang="en">
 <head>
  <title>
</title>
<meta http-equiv="Content-Type" content="text/html;charset=utf-8" />
  <meta name='ocr-system' content='tesseract 3.04.00' />
  <meta name='ocr-capabilities' content='ocr_page ocr_carea ocr_par ocr_line ocrx_word'/>
</head>
<body>
  <div class='ocr_page' id='page_1' title='image "./collectiolibroru02krue_0075.png"; bbox 0 0 1942 3081; ppageno 0'>
   <div class='ocr_carea' id='block_1_1' title="bbox 0 0 25 3081">
    <p class='ocr_par' dir='ltr' id='par_1_1' title="bbox 0 0 25 3081">
     <span class='ocr_line' id='line_1_1' title="bbox 0 0 25 3081; baseline 0 0"><span class='ocrx_word' id='word_1_1' title='bbox 0 0 25 3081; x_wconf 95' lang='lat' dir='ltr'> </span> 
     </span>
    </p>
   </div>
   <div class='ocr_carea' id='block_1_2' title="bbox 704 129 1617 168">
    <p class='ocr_par' dir='ltr' id='par_1_2' title="bbox 704 129 1617 168">
     <span class='ocr_line' id='line_1_2' title="bbox 704 129 1617 168; baseline 0.001 -7"><span class='ocrx_word' id='word_1_2' title='bbox 704 151 816 158; x_wconf 89' lang='lat'>——-</span> <span class='ocrx_word' id='word_1_3' title='bbox 876 129 928 168; x_wconf 81' lang='grc'>63</span> <span class='ocrx_word' id='word_1_4' title='bbox 988 153 1099 157; x_wconf 91' lang='lat'>—-</span> <span class='ocrx_word' id='word_1_5' title='bbox 1353 133 1617 165; x_wconf 49' lang='lat' dir='ltr'>{maiust—9</span> 
     </span>
    </p>
   </div>
   <div class='ocr_carea' id='block_1_3' title="bbox 105 252 1621 476">
    <p class='ocr_par' dir='ltr' id='par_1_3' title="bbox 105 252 1621 476">
     <span class='ocr_line' id='line_1_3' title="bbox 107 252 1621 307; baseline 0.001 -13"><span class='ocrx_word' id='word_1_6' title='bbox 107 252 156 307; x_wconf 83' lang='lat'>(3)</span> <span class='ocrx_word' id='word_1_7' title='bbox 189 255 300 294; x_wconf 82' lang='lat' dir='ltr'>Naue</span> <span class='ocrx_word' id='word_1_8' title='bbox 323 254 389 294; x_wconf 91' lang='lat' dir='ltr'>uel</span> <span class='ocrx_word' id='word_1_9' title='bbox 423 253 568 293; x_wconf 87' lang='lat' dir='ltr'>arbore</span> <span class='ocrx_word' id='word_1_10' title='bbox 591 255 633 292; x_wconf 93' lang='lat' dir='ltr'>ui</span> <span class='ocrx_word' id='word_1_11' title='bbox 656 253 916 304; x_wconf 78' lang='lat' dir='ltr'>tempestatis</span> <span class='ocrx_word' id='word_1_12' title='bbox 948 254 1097 291; x_wconf 85' lang='lat' dir='ltr'>amissa</span> <span class='ocrx_word' id='word_1_13' title='bbox 1121 260 1308 293; x_wconf 83' lang='lat' dir='ltr'>uectores</span> <span class='ocrx_word' id='word_1_14' title='bbox 1331 255 1383 294; x_wconf 84' lang='lat' dir='ltr'>ad</span> <span class='ocrx_word' id='word_1_15' title='bbox 1407 256 1621 295; x_wconf 78' lang='lat' dir='ltr'>contribu-</span> 
     </span>
     <span class='ocr_line' id='line_1_4' title="bbox 188 309 1620 361; baseline 0.001 -11"><span class='ocrx_word' id='word_1_16' title='bbox 188 312 340 350; x_wconf 82' lang='lat' dir='ltr'>tionem</span> <span class='ocrx_word' id='word_1_17' title='bbox 363 323 444 350; x_wconf 89' lang='lat' dir='ltr'>non</span> <span class='ocrx_word' id='word_1_18' title='bbox 467 316 678 360; x_wconf 82' lang='lat' dir='ltr'>tenentur7</span> <span class='ocrx_word' id='word_1_19' title='bbox 704 311 785 349; x_wconf 88' lang='lat' dir='ltr'>nisi</span> <span class='ocrx_word' id='word_1_20' title='bbox 820 309 920 361; x_wconf 91' lang='lat' dir='ltr'>ipsis</span> <span class='ocrx_word' id='word_1_21' title='bbox 941 309 1133 349; x_wconf 81' lang='lat' dir='ltr'>arborem</span> <span class='ocrx_word' id='word_1_22' title='bbox 1155 311 1300 349; x_wconf 89' lang='lat' dir='ltr'>salutis</span> <span class='ocrx_word' id='word_1_23' title='bbox 1322 324 1441 351; x_wconf 87' lang='lat' dir='ltr'>causa</span> <span class='ocrx_word' id='word_1_24' title='bbox 1466 326 1620 352; x_wconf 88' lang='lat' dir='ltr'>eruen-</span> 
     </span>
     <span class='ocr_line' id='line_1_5' title="bbox 105 367 1620 421; baseline 0.001 -14"><span class='ocrx_word' id='word_1_25' title='bbox 105 367 156 421; x_wconf 71' lang='lat'>(2)</span> <span class='ocrx_word' id='word_1_26' title='bbox 188 368 298 408; x_wconf 80' lang='lat' dir='ltr'>tibus</span> <span class='ocrx_word' id='word_1_27' title='bbox 325 368 446 407; x_wconf 88' lang='lat' dir='ltr'>nauis</span> <span class='ocrx_word' id='word_1_28' title='bbox 467 367 581 406; x_wconf 87' lang='lat' dir='ltr'>salua</span> <span class='ocrx_word' id='word_1_29' title='bbox 602 367 668 405; x_wconf 82' lang='lat' dir='ltr'>sit.</span> <span class='ocrx_word' id='word_1_30' title='bbox 724 367 836 405; x_wconf 83' lang='lat' dir='ltr'>lactu</span> <span class='ocrx_word' id='word_1_31' title='bbox 858 367 976 405; x_wconf 90' lang='lat' dir='ltr'>nauis</span> <span class='ocrx_word' id='word_1_32' title='bbox 1000 367 1133 405; x_wconf 87' lang='lat' dir='ltr'>leuata</span> <span class='ocrx_word' id='word_1_33' title='bbox 1157 367 1191 405; x_wconf 87' lang='lat' dir='ltr'>si</span> <span class='ocrx_word' id='word_1_34' title='bbox 1214 368 1397 418; x_wconf 68' lang='lat' dir='ltr'>perierit7</span> <span class='ocrx_word' id='word_1_35' title='bbox 1426 372 1620 409; x_wconf 78' lang='lat' dir='ltr'>extractis</span> 
     </span>
     <span class='ocr_line' id='line_1_6' title="bbox 187 422 1618 476; baseline 0 -12"><span class='ocrx_word' id='word_1_36' title='bbox 187 425 360 464; x_wconf 92' lang='lat' dir='ltr'>aliorum</span> <span class='ocrx_word' id='word_1_37' title='bbox 383 437 460 476; x_wconf 88' lang='lat' dir='ltr'>per</span> <span class='ocrx_word' id='word_1_38' title='bbox 480 424 714 463; x_wconf 76' lang='lat' dir='ltr'>urinatores</span> <span class='ocrx_word' id='word_1_39' title='bbox 735 422 944 462; x_wconf 90' lang='lat' dir='ltr'>mercibus</span> <span class='ocrx_word' id='word_1_40' title='bbox 966 423 1056 462; x_wconf 88' lang='lat' dir='ltr'>eius</span> <span class='ocrx_word' id='word_1_41' title='bbox 1078 435 1229 476; x_wconf 75' lang='lat' dir='ltr'>quoque</span> <span class='ocrx_word' id='word_1_42' title='bbox 1253 425 1450 463; x_wconf 86' lang='lat' dir='ltr'>rationem</span> <span class='ocrx_word' id='word_1_43' title='bbox 1475 426 1618 464; x_wconf 70' lang='lat' dir='ltr'>haberi</span> 
     </span>
    </p>
   </div>
   <div class='ocr_carea' id='block_1_4' title="bbox 138 480 1663 534">
    <p class='ocr_par' dir='ltr' id='par_1_4' title="bbox 138 480 1663 534">
     <span class='ocr_line' id='line_1_7' title="bbox 138 480 1663 534; baseline 0 -16"><span class='ocrx_word' id='word_1_44' title='bbox 138 481 158 518; x_wconf 73' lang='grc'>[1</span> <span class='ocrx_word' id='word_1_45' title='bbox 188 482 356 533; x_wconf 83' lang='lat' dir='ltr'>placuit,</span> <span class='ocrx_word' id='word_1_46' title='bbox 384 481 454 532; x_wconf 89' lang='lat' dir='ltr'>qui</span> <span class='ocrx_word' id='word_1_47' title='bbox 477 493 636 519; x_wconf 88' lang='lat' dir='ltr'>merces</span> <span class='ocrx_word' id='word_1_48' title='bbox 657 480 769 519; x_wconf 83' lang='lat' dir='ltr'>salua</span> <span class='ocrx_word' id='word_1_49' title='bbox 793 493 899 519; x_wconf 86' lang='lat' dir='ltr'>naue</span> <span class='ocrx_word' id='word_1_50' title='bbox 922 480 1104 519; x_wconf 84' lang='lat' dir='ltr'>iactauit.</span> <span class='ocrx_word' id='word_1_51' title='bbox 1140 480 1358 520; x_wconf 85' lang='lat' dir='ltr'>Leuandae</span> <span class='ocrx_word' id='word_1_52' title='bbox 1382 483 1502 521; x_wconf 86' lang='lat' dir='ltr'>nauis</span> <span class='ocrx_word' id='word_1_53' title='bbox 1527 496 1620 534; x_wconf 78' lang='lat' dir='ltr'>gra-</span> <span class='ocrx_word' id='word_1_54' title='bbox 1647 502 1663 518; x_wconf 80' lang='lat'>›</span> 
     </span>
    </p>
   </div>
   <div class='ocr_carea' id='block_1_5' title="bbox 137 537 1621 749">
    <p class='ocr_par' dir='ltr' id='par_1_5' title="bbox 137 537 1621 749">
     <span class='ocr_line' id='line_1_8' title="bbox 144 537 1621 588; baseline 0.001 -11"><span class='ocrx_word' id='word_1_55' title='bbox 144 561 148 563; x_wconf 61' lang='lat'>&gt;</span> <span class='ocrx_word' id='word_1_56' title='bbox 187 539 241 577; x_wconf 88' lang='lat' dir='ltr'>tia</span> <span class='ocrx_word' id='word_1_57' title='bbox 270 550 430 576; x_wconf 85' lang='lat' dir='ltr'>merces</span> <span class='ocrx_word' id='word_1_58' title='bbox 461 537 503 575; x_wconf 91' lang='lat' dir='ltr'>in</span> <span class='ocrx_word' id='word_1_59' title='bbox 535 537 728 588; x_wconf 77' lang='lat' dir='ltr'>scapham</span> <span class='ocrx_word' id='word_1_60' title='bbox 762 537 1005 576; x_wconf 83' lang='lat' dir='ltr'>transiectas</span> <span class='ocrx_word' id='word_1_61' title='bbox 1026 543 1150 588; x_wconf 88' lang='lat' dir='ltr'>atque</span> <span class='ocrx_word' id='word_1_62' title='bbox 1174 537 1266 576; x_wconf 87' lang='lat' dir='ltr'>ideo</span> <span class='ocrx_word' id='word_1_63' title='bbox 1299 540 1470 578; x_wconf 84' lang='lat' dir='ltr'>amissas</span> <span class='ocrx_word' id='word_1_64' title='bbox 1502 540 1621 578; x_wconf 85' lang='lat' dir='ltr'>intri-</span> 
     </span>
     <span class='ocr_line' id='line_1_9' title="bbox 187 594 1620 645; baseline 0.001 -13"><span class='ocrx_word' id='word_1_65' title='bbox 187 595 355 634; x_wconf 82' lang='lat' dir='ltr'>butione</span> <span class='ocrx_word' id='word_1_66' title='bbox 374 607 516 633; x_wconf 89' lang='lat' dir='ltr'>earum</span> <span class='ocrx_word' id='word_1_67' title='bbox 540 606 647 645; x_wconf 88' lang='lat' dir='ltr'>quae</span> <span class='ocrx_word' id='word_1_68' title='bbox 672 595 713 632; x_wconf 91' lang='lat' dir='ltr'>in</span> <span class='ocrx_word' id='word_1_69' title='bbox 735 595 832 633; x_wconf 85' lang='lat' dir='ltr'>naui</span> <span class='ocrx_word' id='word_1_70' title='bbox 856 594 994 633; x_wconf 85' lang='lat' dir='ltr'>saluae</span> <span class='ocrx_word' id='word_1_71' title='bbox 1017 601 1111 633; x_wconf 87' lang='lat' dir='ltr'>sunt</span> <span class='ocrx_word' id='word_1_72' title='bbox 1134 594 1247 633; x_wconf 84' lang='lat' dir='ltr'>refici</span> <span class='ocrx_word' id='word_1_73' title='bbox 1272 597 1488 635; x_wconf 86' lang='lat' dir='ltr'>conuenit:</span> <span class='ocrx_word' id='word_1_74' title='bbox 1516 609 1620 635; x_wconf 70' lang='lat' dir='ltr'>nau«¹</span> 
     </span>
     <span class='ocr_line' id='line_1_10' title="bbox 187 650 1618 704; baseline 0 -13"><span class='ocrx_word' id='word_1_75' title='bbox 187 658 324 692; x_wconf 86' lang='lat' dir='ltr'>autem</span> <span class='ocrx_word' id='word_1_76' title='bbox 357 650 518 703; x_wconf 86' lang='lat' dir='ltr'>perdita</span> <span class='ocrx_word' id='word_1_77' title='bbox 541 658 810 690; x_wconf 83' lang='lat' dir='ltr'>conseruatao</span> <span class='ocrx_word' id='word_1_78' title='bbox 834 664 927 690; x_wconf 89' lang='lat' dir='ltr'>cum</span> <span class='ocrx_word' id='word_1_79' title='bbox 958 651 1169 690; x_wconf 79' lang='lat' dir='ltr'><strong>mercibus</strong></span> <span class='ocrx_word' id='word_1_80' title='bbox 1192 653 1368 704; x_wconf 77' lang='lat' dir='ltr'>scaphae</span> <span class='ocrx_word' id='word_1_81' title='bbox 1405 654 1508 692; x_wconf 85' lang='lat' dir='ltr'>ratio</span> <span class='ocrx_word' id='word_1_82' title='bbox 1540 667 1618 692; x_wconf 88' lang='lat' dir='ltr'>non</span> 
     </span>
     <span class='ocr_line' id='line_1_11' title="bbox 137 706 1618 749; baseline 0.003 -4"><span class='ocrx_word' id='word_1_83' title='bbox 137 706 159 745; x_wconf 83' lang='lat'>5</span> <span class='ocrx_word' id='word_1_84' title='bbox 187 708 377 748; x_wconf 83' lang='lat' dir='ltr'>habetur.</span> <span class='ocrx_word' id='word_1_85' title='bbox 447 707 615 747; x_wconf 87' lang='lat' dir='ltr'>Collatio</span> <span class='ocrx_word' id='word_1_86' title='bbox 647 708 932 748; x_wconf 86' lang='lat' dir='ltr'>intributionis</span> <span class='ocrx_word' id='word_1_87' title='bbox 963 707 1015 747; x_wconf 87' lang='lat' dir='ltr'>ob</span> <span class='ocrx_word' id='word_1_88' title='bbox 1054 709 1205 747; x_wconf 75' lang='lat' dir='ltr'>iactum</span> <span class='ocrx_word' id='word_1_89' title='bbox 1243 710 1354 748; x_wconf 87' lang='lat' dir='ltr'>salua</span> <span class='ocrx_word' id='word_1_90' title='bbox 1388 722 1494 749; x_wconf 86' lang='lat' dir='ltr'>naue</span> <span class='ocrx_word' id='word_1_91' title='bbox 1533 711 1618 749; x_wconf 82' lang='lat' dir='ltr'>fieri</span> 
     </span>
    </p>
   </div>
   <div class='ocr_carea' id='block_1_6' title="bbox 185 765 324 806">
    <p class='ocr_par' dir='ltr' id='par_1_6' title="bbox 185 765 324 806">
     <span class='ocr_line' id='line_1_12' title="bbox 185 765 324 806; baseline -0.014 0"><span class='ocrx_word' id='word_1_92' title='bbox 185 765 324 806; x_wconf 87' lang='lat' dir='ltr'>dehet.</span> 
     </span>
    </p>
   </div>
   <div class='ocr_carea' id='block_1_7' title="bbox 655 889 1154 943">
    <p class='ocr_par' dir='ltr' id='par_1_7' title="bbox 655 889 1154 943">
     <span class='ocr_line' id='line_1_13' title="bbox 655 889 1154 943; baseline 0.002 -15"><span class='ocrx_word' id='word_1_93' title='bbox 655 889 738 943; x_wconf 83' lang='lat' dir='ltr'>[viu</span> <span class='ocrx_word' id='word_1_94' title='bbox 798 903 845 928; x_wconf 82' lang='lat' dir='ltr'>DE</span> <span class='ocrx_word' id='word_1_95' title='bbox 878 890 1154 937; x_wconf 65' lang='lat' dir='ltr'>insnromnvsl</span> 
     </span>
    </p>
   </div>
   <div class='ocr_carea' id='block_1_8' title="bbox 136 968 1622 1522">
    <p class='ocr_par' dir='ltr' id='par_1_8' title="bbox 136 968 1622 1522">
     <span class='ocr_line' id='line_1_14' title="bbox 139 968 1616 1021; baseline 0.003 -15"><span class='ocrx_word' id='word_1_96' title='bbox 139 968 152 1006; x_wconf 72' lang='lat'>4</span> <span class='ocrx_word' id='word_1_97' title='bbox 299 970 415 1009; x_wconf 85' lang='lat' dir='ltr'>Sicut</span> <span class='ocrx_word' id='word_1_98' title='bbox 456 969 667 1008; x_wconf 85' lang='lat' dir='ltr'>commoda</span> <span class='ocrx_word' id='word_1_99' title='bbox 699 970 901 1009; x_wconf 89' lang='lat' dir='ltr'>sentimus</span> <span class='ocrx_word' id='word_1_100' title='bbox 933 982 984 1008; x_wconf 82' lang='lat' dir='ltr'>ex</span> <span class='ocrx_word' id='word_1_101' title='bbox 1015 976 1109 1008; x_wconf 86' lang='lat' dir='ltr'>actu</span> <span class='ocrx_word' id='word_1_102' title='bbox 1141 971 1365 1021; x_wconf 75' lang='lat' dir='ltr'>praepositi</span> <span class='ocrx_word' id='word_1_103' title='bbox 1404 972 1616 1019; x_wconf 66' lang='lat' dir='ltr'>institoris,</span> 
     </span>
     <span class='ocr_line' id='line_1_15' title="bbox 188 1026 1621 1079; baseline 0.001 -14"><span class='ocrx_word' id='word_1_104' title='bbox 188 1028 240 1065; x_wconf 84' lang='lat' dir='ltr'>ita</span> <span class='ocrx_word' id='word_1_105' title='bbox 273 1034 313 1066; x_wconf 83' lang='lat' dir='ltr'>et</span> <span class='ocrx_word' id='word_1_106' title='bbox 336 1026 592 1065; x_wconf 88' lang='lat' dir='ltr'>incommoda</span> <span class='ocrx_word' id='word_1_107' title='bbox 615 1027 769 1065; x_wconf 83' lang='lat' dir='ltr'>sentire</span> <span class='ocrx_word' id='word_1_108' title='bbox 792 1026 1009 1066; x_wconf 84' lang='lat' dir='ltr'>debemus.</span> <span class='ocrx_word' id='word_1_109' title='bbox 1066 1034 1106 1065; x_wconf 82' lang='lat' dir='ltr'>et</span> <span class='ocrx_word' id='word_1_110' title='bbox 1128 1027 1220 1066; x_wconf 93' lang='lat' dir='ltr'>ideo</span> <span class='ocrx_word' id='word_1_111' title='bbox 1243 1028 1312 1079; x_wconf 71' lang='lat' dir='ltr'>qai</span> <span class='ocrx_word' id='word_1_112' title='bbox 1341 1040 1509 1067; x_wconf 88' lang='lat' dir='ltr'>seruum</span> <span class='ocrx_word' id='word_1_113' title='bbox 1533 1030 1621 1068; x_wconf 76' lang='lat' dir='ltr'>siue</span> 
     </span>
     <span class='ocr_line' id='line_1_16' title="bbox 187 1083 1621 1135; baseline 0.001 -13"><span class='ocrx_word' id='word_1_114' title='bbox 187 1084 317 1123; x_wconf 83' lang='lat' dir='ltr'>filium</span> <span class='ocrx_word' id='word_1_115' title='bbox 348 1084 529 1122; x_wconf 88' lang='lat' dir='ltr'>filiamue</span> <span class='ocrx_word' id='word_1_116' title='bbox 561 1083 736 1122; x_wconf 80' lang='lat' dir='ltr'>familias</span> <span class='ocrx_word' id='word_1_117' title='bbox 768 1084 857 1122; x_wconf 91' lang='lat' dir='ltr'>siue</span> <span class='ocrx_word' id='word_1_118' title='bbox 880 1084 1069 1122; x_wconf 80' lang='lat' dir='ltr'>ancillam</span> <span class='ocrx_word' id='word_1_119' title='bbox 1103 1085 1338 1135; x_wconf 84' lang='lat' dir='ltr'>praeposuit</span> <span class='ocrx_word' id='word_1_120' title='bbox 1368 1086 1532 1132; x_wconf 80' lang='lat' dir='ltr'>negotio</span> <span class='ocrx_word' id='word_1_121' title='bbox 1554 1086 1621 1124; x_wconf 89' lang='lat' dir='ltr'>uel</span> 
     </span>
     <span class='ocr_line' id='line_1_17' title="bbox 187 1140 1612 1182; baseline 0 -3"><span class='ocrx_word' id='word_1_122' title='bbox 187 1140 396 1180; x_wconf 84' lang='lat' dir='ltr'>mercibus</span> <span class='ocrx_word' id='word_1_123' title='bbox 427 1140 693 1182; x_wconf 70' lang='lat' dir='ltr'>exercendis,</span> <span class='ocrx_word' id='word_1_124' title='bbox 730 1153 872 1179; x_wconf 91' lang='lat' dir='ltr'>eorum</span> <span class='ocrx_word' id='word_1_125' title='bbox 896 1141 1062 1179; x_wconf 90' lang='lat' dir='ltr'>nomine</span> <span class='ocrx_word' id='word_1_126' title='bbox 1087 1141 1127 1178; x_wconf 94' lang='lat' dir='ltr'>in</span> <span class='ocrx_word' id='word_1_127' title='bbox 1150 1140 1327 1180; x_wconf 86' lang='lat' dir='ltr'>solidum</span> <span class='ocrx_word' id='word_1_128' title='bbox 1352 1143 1612 1181; x_wconf 86' lang='lat' dir='ltr'>conuenitur.</span> 
     </span>
     <span class='ocr_line' id='line_1_18' title="bbox 186 1197 1622 1249; baseline 0.001 -13"><span class='ocrx_word' id='word_1_129' title='bbox 186 1199 228 1237; x_wconf 90' lang='lat' dir='ltr'>Si</span> <span class='ocrx_word' id='word_1_130' title='bbox 250 1198 345 1249; x_wconf 89' lang='lat' dir='ltr'>quis</span> <span class='ocrx_word' id='word_1_131' title='bbox 366 1199 567 1248; x_wconf 88' lang='lat' dir='ltr'>pecuniae</span> <span class='ocrx_word' id='word_1_132' title='bbox 585 1197 838 1236; x_wconf 87' lang='lat' dir='ltr'>fenerandae</span> <span class='ocrx_word' id='word_1_133' title='bbox 856 1209 1040 1248; x_wconf 76' lang='lat' dir='ltr'>agroque</span> <span class='ocrx_word' id='word_1_134' title='bbox 1062 1197 1246 1246; x_wconf 76' lang='lat' dir='ltr'>colendo,</span> <span class='ocrx_word' id='word_1_135' title='bbox 1273 1198 1500 1237; x_wconf 83' lang='lat' dir='ltr'>condendis</span> <span class='ocrx_word' id='word_1_136' title='bbox 1516 1212 1622 1238; x_wconf 87' lang='lat' dir='ltr'>uen—</span> 
     </span>
     <span class='ocr_line' id='line_1_19' title="bbox 185 1253 1619 1306; baseline 0 -13"><span class='ocrx_word' id='word_1_137' title='bbox 185 1254 420 1305; x_wconf 90' lang='lat' dir='ltr'>dendisque</span> <span class='ocrx_word' id='word_1_138' title='bbox 444 1253 634 1305; x_wconf 79' lang='lat' dir='ltr'>frugibus</span> <span class='ocrx_word' id='word_1_139' title='bbox 659 1255 923 1306; x_wconf 87' lang='lat' dir='ltr'>praepositus</span> <span class='ocrx_word' id='word_1_140' title='bbox 945 1261 1028 1303; x_wconf 70' lang='lat' dir='ltr'>est⁷</span> <span class='ocrx_word' id='word_1_141' title='bbox 1059 1267 1110 1293; x_wconf 73' lang='lat' dir='ltr'>ex</span> <span class='ocrx_word' id='word_1_142' title='bbox 1133 1267 1180 1293; x_wconf 89' lang='lat' dir='ltr'>eo</span> <span class='ocrx_word' id='word_1_143' title='bbox 1203 1256 1371 1294; x_wconf 87' lang='lat' dir='ltr'>nomine</span> <span class='ocrx_word' id='word_1_144' title='bbox 1394 1255 1505 1306; x_wconf 89' lang='lat' dir='ltr'>quod</span> <span class='ocrx_word' id='word_1_145' title='bbox 1528 1269 1619 1295; x_wconf 85' lang='lat' dir='ltr'>cum</span> 
     </span>
     <span class='ocr_line' id='line_1_20' title="bbox 187 1311 1622 1363; baseline 0.001 -13"><span class='ocrx_word' id='word_1_146' title='bbox 187 1312 254 1350; x_wconf 92' lang='lat' dir='ltr'>illo</span> <span class='ocrx_word' id='word_1_147' title='bbox 286 1318 543 1350; x_wconf 82' lang='lat' dir='ltr'>contractum</span> <span class='ocrx_word' id='word_1_148' title='bbox 577 1318 637 1350; x_wconf 85' lang='lat' dir='ltr'>est</span> <span class='ocrx_word' id='word_1_149' title='bbox 662 1313 702 1350; x_wconf 92' lang='lat' dir='ltr'>in</span> <span class='ocrx_word' id='word_1_150' title='bbox 727 1311 902 1350; x_wconf 87' lang='lat' dir='ltr'>solidum</span> <span class='ocrx_word' id='word_1_151' title='bbox 927 1311 1045 1350; x_wconf 88' lang='lat' dir='ltr'>fundi</span> <span class='ocrx_word' id='word_1_152' title='bbox 1067 1311 1261 1351; x_wconf 87' lang='lat' dir='ltr'>dominus</span> <span class='ocrx_word' id='word_1_153' title='bbox 1283 1312 1509 1363; x_wconf 83' lang='lat' dir='ltr'>obligatur:</span> <span class='ocrx_word' id='word_1_154' title='bbox 1546 1326 1622 1351; x_wconf 75' lang='lat' dir='ltr'>ner</span> 
     </span>
     <span class='ocr_line' id='line_1_21' title="bbox 136 1368 1616 1421; baseline 0.002 -16"><span class='ocrx_word' id='word_1_155' title='bbox 136 1369 157 1405; x_wconf 88' lang='lat'><strong>3</strong></span> <span class='ocrx_word' id='word_1_156' title='bbox 188 1370 382 1417; x_wconf 76' lang='lat' dir='ltr'>interest,</span> <span class='ocrx_word' id='word_1_157' title='bbox 420 1381 569 1407; x_wconf 90' lang='lat' dir='ltr'>seruus</span> <span class='ocrx_word' id='word_1_158' title='bbox 601 1381 652 1407; x_wconf 89' lang='lat' dir='ltr'>an</span> <span class='ocrx_word' id='word_1_159' title='bbox 684 1368 792 1406; x_wconf 84' lang='lat' dir='ltr'>liber</span> <span class='ocrx_word' id='word_1_160' title='bbox 821 1370 888 1407; x_wconf 87' lang='lat' dir='ltr'>sit.</span> <span class='ocrx_word' id='word_1_161' title='bbox 943 1368 1061 1414; x_wconf 87' lang='lat' dir='ltr'>Quod</span> <span class='ocrx_word' id='word_1_162' title='bbox 1084 1382 1177 1408; x_wconf 87' lang='lat' dir='ltr'>cum</span> <span class='ocrx_word' id='word_1_163' title='bbox 1208 1368 1428 1421; x_wconf 86' lang='lat' dir='ltr'>discipulis</span> <span class='ocrx_word' id='word_1_164' title='bbox 1459 1383 1616 1409; x_wconf 85' lang='lat' dir='ltr'>eorum.</span> 
     </span>
     <span class='ocr_line' id='line_1_22' title="bbox 187 1424 1620 1477; baseline 0 -13"><span class='ocrx_word' id='word_1_165' title='bbox 187 1426 258 1476; x_wconf 88' lang='lat' dir='ltr'>qui</span> <span class='ocrx_word' id='word_1_166' title='bbox 288 1424 465 1464; x_wconf 85' lang='lat' dir='ltr'>officinis</span> <span class='ocrx_word' id='word_1_167' title='bbox 494 1425 680 1464; x_wconf 82' lang='lat' dir='ltr'>tabernis</span> <span class='ocrx_word' id='word_1_168' title='bbox 712 1432 911 1476; x_wconf 81' lang='lat' dir='ltr'>praesunt</span> <span class='ocrx_word' id='word_1_169' title='bbox 942 1432 1199 1464; x_wconf 86' lang='lat' dir='ltr'>contractum</span> <span class='ocrx_word' id='word_1_170' title='bbox 1222 1433 1303 1475; x_wconf 69' lang='lat' dir='ltr'>est,</span> <span class='ocrx_word' id='word_1_171' title='bbox 1340 1427 1381 1464; x_wconf 92' lang='lat' dir='ltr'>in</span> <span class='ocrx_word' id='word_1_172' title='bbox 1407 1428 1620 1477; x_wconf 65' lang='lat' dir='ltr'>magistros</span> 
     </span>
     <span class='ocr_line' id='line_1_23' title="bbox 186 1482 1259 1522; baseline 0 -1"><span class='ocrx_word' id='word_1_173' title='bbox 186 1482 253 1522; x_wconf 92' lang='lat' dir='ltr'>uel</span> <span class='ocrx_word' id='word_1_174' title='bbox 277 1483 483 1521; x_wconf 76' lang='lat' dir='ltr'>institores</span> <span class='ocrx_word' id='word_1_175' title='bbox 506 1482 704 1522; x_wconf 80' lang='lat' dir='ltr'>tabernae</span> <span class='ocrx_word' id='word_1_176' title='bbox 729 1483 768 1520; x_wconf 88' lang='lat' dir='ltr'>in</span> <span class='ocrx_word' id='word_1_177' title='bbox 793 1482 969 1521; x_wconf 87' lang='lat' dir='ltr'>solidum</span> <span class='ocrx_word' id='word_1_178' title='bbox 994 1483 1100 1522; x_wconf 81' lang='lat' dir='ltr'>actio</span> <span class='ocrx_word' id='word_1_179' title='bbox 1122 1482 1259 1521; x_wconf 85' lang='lat' dir='ltr'>datur.</span> 
     </span>
    </p>
   </div>
   <div class='ocr_carea' id='block_1_9' title="bbox 136 1198 158 1235">
    <p class='ocr_par' dir='ltr' id='par_1_9' title="bbox 136 1198 158 1235">
     <span class='ocr_line' id='line_1_24' title="bbox 136 1198 158 1235; textangle 90"><span class='ocrx_word' id='word_1_180' title='bbox 136 1198 158 1235; x_wconf 58' lang='lat' dir='ltr'>N&gt;</span> 
     </span>
    </p>
   </div>
   <div class='ocr_carea' id='block_1_10' title="bbox 656 1607 1149 1660">
    <p class='ocr_par' dir='ltr' id='par_1_10' title="bbox 656 1607 1149 1660">
     <span class='ocr_line' id='line_1_25' title="bbox 656 1607 1149 1660; baseline 0.002 -15"><span class='ocrx_word' id='word_1_181' title='bbox 656 1608 706 1659; x_wconf 73' lang='lat' dir='ltr'>[1x</span> <span class='ocrx_word' id='word_1_182' title='bbox 764 1620 812 1645; x_wconf 81' lang='lat' dir='ltr'>DE</span> <span class='ocrx_word' id='word_1_183' title='bbox 845 1620 883 1645; x_wconf 71' lang='lat' dir='ltr'>ix</span> <span class='ocrx_word' id='word_1_184' title='bbox 914 1620 987 1646; x_wconf 67' lang='lat' dir='ltr'>REM</span> <span class='ocrx_word' id='word_1_185' title='bbox 1017 1607 1149 1660; x_wconf 63' lang='lat' dir='ltr'>valiso]</span> 
     </span>
    </p>
   </div>
   <div class='ocr_carea' id='block_1_11' title="bbox 141 1686 1620 1796">
    <p class='ocr_par' dir='ltr' id='par_1_11' title="bbox 141 1686 1620 1796">
     <span class='ocr_line' id='line_1_26' title="bbox 141 1686 1620 1739; baseline 0.001 -15"><span class='ocrx_word' id='word_1_186' title='bbox 141 1688 152 1724; x_wconf 85' lang='lat' dir='ltr'>l</span> <span class='ocrx_word' id='word_1_187' title='bbox 302 1687 460 1726; x_wconf 87' lang='lat' dir='ltr'>Seruus</span> <span class='ocrx_word' id='word_1_188' title='bbox 488 1687 556 1726; x_wconf 90' lang='lat' dir='ltr'>uel</span> <span class='ocrx_word' id='word_1_189' title='bbox 588 1687 697 1726; x_wconf 87' lang='lat' dir='ltr'>filius</span> <span class='ocrx_word' id='word_1_190' title='bbox 720 1686 895 1726; x_wconf 81' lang='lat' dir='ltr'>familias</span> <span class='ocrx_word' id='word_1_191' title='bbox 919 1688 952 1726; x_wconf 90' lang='lat' dir='ltr'>si</span> <span class='ocrx_word' id='word_1_192' title='bbox 983 1694 1192 1738; x_wconf 73' lang='lat' dir='ltr'>acceptam</span> <span class='ocrx_word' id='word_1_193' title='bbox 1216 1688 1436 1739; x_wconf 88' lang='lat' dir='ltr'>pecuniam</span> <span class='ocrx_word' id='word_1_194' title='bbox 1469 1689 1510 1727; x_wconf 90' lang='lat' dir='ltr'>in</span> <span class='ocrx_word' id='word_1_195' title='bbox 1535 1701 1620 1727; x_wconf 83' lang='lat' dir='ltr'>rem</span> 
     </span>
     <span class='ocr_line' id='line_1_27' title="bbox 187 1743 1617 1796; baseline 0.001 -14"><span class='ocrx_word' id='word_1_196' title='bbox 187 1744 317 1796; x_wconf 84' lang='lat' dir='ltr'>patris</span> <span class='ocrx_word' id='word_1_197' title='bbox 338 1745 408 1783; x_wconf 89' lang='lat' dir='ltr'>uel</span> <span class='ocrx_word' id='word_1_198' title='bbox 437 1743 594 1782; x_wconf 90' lang='lat' dir='ltr'>domini</span> <span class='ocrx_word' id='word_1_199' title='bbox 623 1746 821 1788; x_wconf 70' lang='lat' dir='ltr'>uerterit,</span> <span class='ocrx_word' id='word_1_200' title='bbox 856 1745 930 1782; x_wconf 90' lang='lat' dir='ltr'>hoc</span> <span class='ocrx_word' id='word_1_201' title='bbox 954 1744 1090 1783; x_wconf 90' lang='lat' dir='ltr'>modo:</span> <span class='ocrx_word' id='word_1_202' title='bbox 1129 1757 1275 1795; x_wconf 86' lang='lat' dir='ltr'>agrum</span> <span class='ocrx_word' id='word_1_203' title='bbox 1304 1751 1404 1796; x_wconf 85' lang='lat' dir='ltr'>puta</span> <span class='ocrx_word' id='word_1_204' title='bbox 1432 1744 1617 1784; x_wconf 90' lang='lat' dir='ltr'>colendo.</span> 
     </span>
    </p>
   </div>
   <div class='ocr_carea' id='block_1_12' title="bbox 188 1800 1686 1852">
    <p class='ocr_par' dir='ltr' id='par_1_12' title="bbox 188 1800 1686 1852">
     <span class='ocr_line' id='line_1_28' title="bbox 188 1800 1686 1852; baseline 0.001 -12"><span class='ocrx_word' id='word_1_205' title='bbox 188 1801 354 1840; x_wconf 90' lang='lat' dir='ltr'>domum</span> <span class='ocrx_word' id='word_1_206' title='bbox 377 1800 610 1850; x_wconf 61' lang='lat' dir='ltr'>fulciendo,</span> <span class='ocrx_word' id='word_1_207' title='bbox 643 1802 849 1852; x_wconf 86' lang='lat' dir='ltr'>mancipia</span> <span class='ocrx_word' id='word_1_208' title='bbox 871 1801 1112 1840; x_wconf 85' lang='lat' dir='ltr'>uestiendO.</span> <span class='ocrx_word' id='word_1_209' title='bbox 1139 1801 1362 1840; x_wconf 86' lang='lat' dir='ltr'>mercando</span> <span class='ocrx_word' id='word_1_210' title='bbox 1393 1803 1461 1841; x_wconf 93' lang='lat' dir='ltr'>uel</span> <span class='ocrx_word' id='word_1_211' title='bbox 1484 1802 1622 1841; x_wconf 84' lang='lat' dir='ltr'>credi—</span> <span class='ocrx_word' id='word_1_212' title='bbox 1647 1814 1656 1825; x_wconf 55' lang='lat'><strong>⁹</strong></span> <span class='ocrx_word' id='word_1_213' title='bbox 1673 1811 1686 1824; x_wconf 82' lang='grc'>·“</span> 
     </span>
    </p>
   </div>
   <div class='ocr_carea' id='block_1_13' title="bbox 187 1857 1622 2081">
    <p class='ocr_par' dir='ltr' id='par_1_13' title="bbox 187 1857 1622 2081">
     <span class='ocr_line' id='line_1_29' title="bbox 187 1857 1622 1909; baseline 0.001 -13"><span class='ocrx_word' id='word_1_214' title='bbox 187 1858 266 1896; x_wconf 82' lang='lat' dir='ltr'>tori</span> <span class='ocrx_word' id='word_1_215' title='bbox 288 1857 487 1897; x_wconf 91' lang='lat' dir='ltr'>soluendo</span> <span class='ocrx_word' id='word_1_216' title='bbox 508 1858 576 1897; x_wconf 86' lang='lat' dir='ltr'>uel</span> <span class='ocrx_word' id='word_1_217' title='bbox 600 1858 702 1909; x_wconf 88' lang='lat' dir='ltr'>quid</span> <span class='ocrx_word' id='word_1_218' title='bbox 724 1859 805 1897; x_wconf 85' lang='lat' dir='ltr'>tale</span> <span class='ocrx_word' id='word_1_219' title='bbox 829 1857 1030 1908; x_wconf 53' lang='lat' dir='ltr'>faciendot</span> <span class='ocrx_word' id='word_1_220' title='bbox 1058 1858 1110 1897; x_wconf 88' lang='lat' dir='ltr'>de</span> <span class='ocrx_word' id='word_1_221' title='bbox 1134 1859 1175 1897; x_wconf 93' lang='lat' dir='ltr'>in</span> <span class='ocrx_word' id='word_1_222' title='bbox 1201 1871 1285 1898; x_wconf 91' lang='lat' dir='ltr'>rem</span> <span class='ocrx_word' id='word_1_223' title='bbox 1308 1872 1430 1898; x_wconf 87' lang='lat' dir='ltr'>uerso</span> <span class='ocrx_word' id='word_1_224' title='bbox 1453 1860 1493 1898; x_wconf 92' lang='lat' dir='ltr'>in</span> <span class='ocrx_word' id='word_1_225' title='bbox 1518 1860 1622 1898; x_wconf 90' lang='lat' dir='ltr'>soli-—</span> 
     </span>
     <span class='ocr_line' id='line_1_30' title="bbox 188 1914 1621 1967; baseline 0.001 -13"><span class='ocrx_word' id='word_1_226' title='bbox 188 1914 288 1954; x_wconf 88' lang='lat' dir='ltr'>dum</span> <span class='ocrx_word' id='word_1_227' title='bbox 309 1916 379 1954; x_wconf 92' lang='lat' dir='ltr'>uel</span> <span class='ocrx_word' id='word_1_228' title='bbox 400 1922 560 1966; x_wconf 85' lang='lat' dir='ltr'>patrem</span> <span class='ocrx_word' id='word_1_229' title='bbox 582 1916 651 1954; x_wconf 93' lang='lat' dir='ltr'>uel</span> <span class='ocrx_word' id='word_1_230' title='bbox 669 1915 881 1954; x_wconf 88' lang='lat' dir='ltr'>dominum</span> <span class='ocrx_word' id='word_1_231' title='bbox 905 1915 1075 1967; x_wconf 85' lang='lat' dir='ltr'>obligat:</span> <span class='ocrx_word' id='word_1_232' title='bbox 1104 1916 1139 1954; x_wconf 92' lang='lat' dir='ltr'>si</span> <span class='ocrx_word' id='word_1_233' title='bbox 1160 1922 1299 1954; x_wconf 84' lang='lat' dir='ltr'>tamen</span> <span class='ocrx_word' id='word_1_234' title='bbox 1322 1915 1374 1954; x_wconf 87' lang='lat' dir='ltr'>ob</span> <span class='ocrx_word' id='word_1_235' title='bbox 1396 1916 1502 1955; x_wconf 88' lang='lat' dir='ltr'>hanc</span> <span class='ocrx_word' id='word_1_236' title='bbox 1524 1929 1621 1955; x_wconf 85' lang='lat' dir='ltr'>cau-</span> 
     </span>
     <span class='ocr_line' id='line_1_31' title="bbox 188 1972 1619 2025; baseline 0.001 -15"><span class='ocrx_word' id='word_1_237' title='bbox 188 1983 274 2010; x_wconf 88' lang='lat' dir='ltr'>sam</span> <span class='ocrx_word' id='word_1_238' title='bbox 309 1972 489 2023; x_wconf 86' lang='lat' dir='ltr'>pecunia</span> <span class='ocrx_word' id='word_1_239' title='bbox 524 1972 619 2011; x_wconf 80' lang='lat' dir='ltr'>data</span> <span class='ocrx_word' id='word_1_240' title='bbox 656 1973 722 2011; x_wconf 87' lang='lat' dir='ltr'>sit.</span> <span class='ocrx_word' id='word_1_241' title='bbox 788 1973 937 2011; x_wconf 61' lang='lat' dir='ltr'>*Filius</span> <span class='ocrx_word' id='word_1_242' title='bbox 974 1972 1150 2012; x_wconf 87' lang='lat' dir='ltr'>familias</span> <span class='ocrx_word' id='word_1_243' title='bbox 1186 1973 1220 2011; x_wconf 92' lang='lat' dir='ltr'>si</span> <span class='ocrx_word' id='word_1_244' title='bbox 1258 1974 1299 2011; x_wconf 90' lang='lat' dir='ltr'>in</span> <span class='ocrx_word' id='word_1_245' title='bbox 1336 1972 1379 2011; x_wconf 91' lang='lat' dir='ltr'>id</span> <span class='ocrx_word' id='word_1_246' title='bbox 1415 1975 1619 2025; x_wconf 86' lang='lat' dir='ltr'>acceperit</span> 
     </span>
     <span class='ocr_line' id='line_1_32' title="bbox 188 2028 1616 2081; baseline 0.002 -15"><span class='ocrx_word' id='word_1_247' title='bbox 188 2028 399 2068; x_wconf 66' lang='lat' dir='ltr'>*mutuam</span> <span class='ocrx_word' id='word_1_248' title='bbox 421 2030 664 2080; x_wconf 80' lang='lat' dir='ltr'>pecuniam,</span> <span class='ocrx_word' id='word_1_249' title='bbox 699 2035 743 2068; x_wconf 84' lang='lat' dir='ltr'>ut</span> <span class='ocrx_word' id='word_1_250' title='bbox 767 2042 855 2068; x_wconf 90' lang='lat' dir='ltr'>eam</span> <span class='ocrx_word' id='word_1_251' title='bbox 878 2042 953 2081; x_wconf 91' lang='lat' dir='ltr'>pro</span> <span class='ocrx_word' id='word_1_252' title='bbox 984 2042 1120 2068; x_wconf 90' lang='lat' dir='ltr'>sorore</span> <span class='ocrx_word' id='word_1_253' title='bbox 1152 2042 1225 2068; x_wconf 86' lang='lat' dir='ltr'>sua</span> <span class='ocrx_word' id='word_1_254' title='bbox 1249 2031 1288 2068; x_wconf 91' lang='lat' dir='ltr'>in</span> <span class='ocrx_word' id='word_1_255' title='bbox 1322 2029 1459 2069; x_wconf 86' lang='lat' dir='ltr'>dotem</span> <span class='ocrx_word' id='word_1_256' title='bbox 1488 2030 1616 2079; x_wconf 72' lang='lat' dir='ltr'>daret,</span> 
     </span>
    </p>
   </div>
   <div class='ocr_carea' id='block_1_14' title="bbox 140 1973 162 2010">
    <p class='ocr_par' dir='ltr' id='par_1_14' title="bbox 140 1973 162 2010">
     <span class='ocr_line' id='line_1_33' title="bbox 140 1973 162 2010; textangle 90"><span class='ocrx_word' id='word_1_257' title='bbox 140 1973 162 2010; x_wconf 72' lang='lat' dir='ltr'>N&gt;</span> 
     </span>
    </p>
   </div>
   <div class='ocr_carea' id='block_1_15' title="bbox 281 2211 699 2251">
    <p class='ocr_par' dir='ltr' id='par_1_15' title="bbox 281 2211 699 2251">
     <span class='ocr_line' id='line_1_34' title="bbox 281 2211 699 2251; baseline -0.002 -10"><span class='ocrx_word' id='word_1_258' title='bbox 281 2213 313 2248; x_wconf 80' lang='lat'>9,</span> <span class='ocrx_word' id='word_1_259' title='bbox 334 2213 352 2240; x_wconf 79' lang='lat'><strong>2</strong></span> <span class='ocrx_word' id='word_1_260' title='bbox 372 2224 412 2237; x_wconf 93' lang='lat'>=</span> <span class='ocrx_word' id='word_1_261' title='bbox 433 2211 509 2251; x_wconf 63' lang='lat'><em>1359.</em></span> <span class='ocrx_word' id='word_1_262' title='bbox 534 2211 586 2245; x_wconf 76' lang='lat'>44,</span> <span class='ocrx_word' id='word_1_263' title='bbox 608 2212 639 2247; x_wconf 79' lang='lat'>6,</span> <span class='ocrx_word' id='word_1_264' title='bbox 662 2213 699 2240; x_wconf 74' lang='lat'>47</span> 
     </span>
    </p>
   </div>
   <div class='ocr_carea' id='block_1_16' title="bbox 190 2381 1624 2694">
    <p class='ocr_par' dir='ltr' id='par_1_16' title="bbox 190 2381 1624 2694">
     <span class='ocr_line' id='line_1_35' title="bbox 283 2381 1623 2422; baseline -0.001 -10"><span class='ocrx_word' id='word_1_265' title='bbox 283 2383 301 2411; x_wconf 76' lang='lat'><strong>2</strong></span> <span class='ocrx_word' id='word_1_266' title='bbox 321 2390 390 2412; x_wconf 89' lang='lat' dir='ltr'>non</span> <span class='ocrx_word' id='word_1_267' title='bbox 404 2383 571 2412; x_wconf 83' lang='lat' dir='ltr'>tenentur</span> <span class='ocrx_word' id='word_1_268' title='bbox 586 2381 623 2419; x_wconf 85' lang='lat' dir='ltr'>L,</span> <span class='ocrx_word' id='word_1_269' title='bbox 646 2383 873 2412; x_wconf 81' lang='lat' dir='ltr'>reteneaniur</span> <span class='ocrx_word' id='word_1_270' title='bbox 888 2382 924 2411; x_wconf 77' lang='lat' dir='ltr'>J!</span> <span class='ocrx_word' id='word_1_271' title='bbox 951 2381 964 2421; x_wconf 74' lang='grc'>11</span> <span class='ocrx_word' id='word_1_272' title='bbox 996 2383 1008 2411; x_wconf 77' lang='grc'>4</span> <span class='ocrx_word' id='word_1_273' title='bbox 1028 2391 1170 2422; x_wconf 78' lang='lat' dir='ltr'>quoque</span> <span class='ocrx_word' id='word_1_274' title='bbox 1185 2382 1261 2413; x_wconf 63' lang='lat' dir='ltr'>eius</span> <span class='ocrx_word' id='word_1_275' title='bbox 1275 2383 1402 2413; x_wconf 52' lang='lat' dir='ltr'>coclites</span> <span class='ocrx_word' id='word_1_276' title='bbox 1431 2382 1443 2421; x_wconf 80' lang='grc' dir='ltr'>Η</span> <span class='ocrx_word' id='word_1_277' title='bbox 1473 2384 1490 2411; x_wconf 85' lang='grc'>6</span> <span class='ocrx_word' id='word_1_278' title='bbox 1507 2385 1623 2412; x_wconf 53' lang='lat' dir='ltr'>tran-‘-</span> 
     </span>
     <span class='ocr_line' id='line_1_36' title="bbox 194 2426 1623 2465; baseline 0 -8"><span class='ocrx_word' id='word_1_279' title='bbox 194 2427 301 2458; x_wconf 85' lang='lat' dir='ltr'>iectas</span> <span class='ocrx_word' id='word_1_280' title='bbox 318 2436 348 2457; x_wconf 87' lang='lat' dir='ltr'>a.</span> <span class='ocrx_word' id='word_1_281' title='bbox 372 2427 392 2457; x_wconf 91' lang='lat' dir='ltr'>i.</span> <span class='ocrx_word' id='word_1_282' title='bbox 413 2428 562 2457; x_wconf 73' lang='lat' dir='ltr'>amissas</span> <span class='ocrx_word' id='word_1_283' title='bbox 585 2426 755 2463; x_wconf 62' lang='lat' dir='ltr'>Glaucias,</span> <span class='ocrx_word' id='word_1_284' title='bbox 783 2427 995 2458; x_wconf 85' lang='lat' dir='ltr'>transiectae</span> <span class='ocrx_word' id='word_1_285' title='bbox 1013 2436 1044 2458; x_wconf 91' lang='lat' dir='ltr'>a.</span> <span class='ocrx_word' id='word_1_286' title='bbox 1066 2429 1087 2458; x_wconf 85' lang='lat' dir='ltr'>i.</span> <span class='ocrx_word' id='word_1_287' title='bbox 1107 2428 1259 2459; x_wconf 80' lang='lat' dir='ltr'>amissae</span> <span class='ocrx_word' id='word_1_288' title='bbox 1277 2429 1405 2458; x_wconf 75' lang='lat' dir='ltr'>codices</span> <span class='ocrx_word' id='word_1_289' title='bbox 1452 2427 1464 2465; x_wconf 79' lang='grc' dir='ltr'>ΙΙ</span> <span class='ocrx_word' id='word_1_290' title='bbox 1513 2429 1530 2456; x_wconf 82' lang='grc'>9</span> <span class='ocrx_word' id='word_1_291' title='bbox 1559 2427 1623 2457; x_wconf 77' lang='lat' dir='ltr'>ol)-</span> 
     </span>
     <span class='ocr_line' id='line_1_37' title="bbox 194 2470 1624 2513; baseline 0 -11"><span class='ocrx_word' id='word_1_292' title='bbox 194 2473 325 2503; x_wconf 86' lang='lat' dir='ltr'>iectum</span> <span class='ocrx_word' id='word_1_293' title='bbox 343 2473 471 2503; x_wconf 67' lang='lat' dir='ltr'>codices</span> <span class='ocrx_word' id='word_1_294' title='bbox 511 2471 523 2511; x_wconf 81' lang='grc' dir='ltr'>Η</span> <span class='ocrx_word' id='word_1_295' title='bbox 567 2474 604 2502; x_wconf 79' lang='grc'>43</span> <span class='ocrx_word' id='word_1_296' title='bbox 626 2474 686 2512; x_wconf 86' lang='lat' dir='ltr'>qui</span> <span class='ocrx_word' id='word_1_297' title='bbox 705 2473 794 2509; x_wconf 59' lang='lat' dir='ltr'>edd,</span> <span class='ocrx_word' id='word_1_298' title='bbox 816 2473 850 2502; x_wconf 87' lang='lat' dir='ltr'>in</span> <span class='ocrx_word' id='word_1_299' title='bbox 870 2481 950 2503; x_wconf 89' lang='lat' dir='ltr'>eum</span> <span class='ocrx_word' id='word_1_300' title='bbox 971 2473 1030 2513; x_wconf 87' lang='lat' dir='ltr'>qui</span> <span class='ocrx_word' id='word_1_301' title='bbox 1047 2474 1174 2504; x_wconf 75' lang='lat' dir='ltr'>codices</span> <span class='ocrx_word' id='word_1_302' title='bbox 1214 2472 1226 2512; x_wconf 80' lang='grc' dir='ltr'>ΙΙ</span> <span class='ocrx_word' id='word_1_303' title='bbox 1272 2474 1306 2501; x_wconf 70' lang='lat'>44</span> <span class='ocrx_word' id='word_1_304' title='bbox 1328 2472 1494 2502; x_wconf 74' lang='lat' dir='ltr'>liliamuel</span> <span class='ocrx_word' id='word_1_305' title='bbox 1517 2473 1575 2502; x_wconf 73' lang='lat' dir='ltr'>ML</span> <span class='ocrx_word' id='word_1_306' title='bbox 1613 2470 1624 2513; x_wconf 74' lang='grc' dir='ltr'>ΙΙ</span> 
     </span>
     <span class='ocr_line' id='line_1_38' title="bbox 193 2515 1623 2558; baseline -0.001 -10"><span class='ocrx_word' id='word_1_307' title='bbox 193 2518 332 2558; x_wconf 84' lang='lat' dir='ltr'>negotio</span> <span class='ocrx_word' id='word_1_308' title='bbox 350 2519 444 2555; x_wconf 58' lang='lat' dir='ltr'>dett„</span> <span class='ocrx_word' id='word_1_309' title='bbox 473 2518 604 2557; x_wconf 80' lang='lat' dir='ltr'>negotii</span> <span class='ocrx_word' id='word_1_310' title='bbox 622 2518 669 2551; x_wconf 81' lang='lat' dir='ltr'>M.</span> <span class='ocrx_word' id='word_1_311' title='bbox 698 2519 877 2558; x_wconf 76' lang='lat' dir='ltr'>negotium</span> <span class='ocrx_word' id='word_1_312' title='bbox 897 2518 921 2549; x_wconf 90' lang='lat' dir='ltr'><em>L</em></span> <span class='ocrx_word' id='word_1_313' title='bbox 968 2517 981 2557; x_wconf 84' lang='grc' dir='ltr'>ΙΙ</span> <span class='ocrx_word' id='word_1_314' title='bbox 1023 2515 1071 2549; x_wconf 80' lang='grc'>’46</span> <span class='ocrx_word' id='word_1_315' title='bbox 1100 2518 1297 2549; x_wconf 74' lang='lat' dir='ltr'>condendis</span> <span class='ocrx_word' id='word_1_316' title='bbox 1317 2519 1494 2557; x_wconf 67' lang='lat' dir='ltr'>confirmat</span> <span class='ocrx_word' id='word_1_317' title='bbox 1514 2518 1623 2548; x_wconf 77' lang='lat' dir='ltr'>Inter-</span> 
     </span>
     <span class='ocr_line' id='line_1_39' title="bbox 190 2562 1624 2604; baseline -0.001 -10"><span class='ocrx_word' id='word_1_318' title='bbox 190 2565 348 2602; x_wconf 78' lang='lat' dir='ltr'>pretatio,</span> <span class='ocrx_word' id='word_1_319' title='bbox 369 2563 576 2594; x_wconf 84' lang='lat' dir='ltr'>coemendis</span> <span class='ocrx_word' id='word_1_320' title='bbox 598 2563 756 2595; x_wconf 67' lang='lat' dir='ltr'>Cametas</span> <span class='ocrx_word' id='word_1_321' title='bbox 802 2563 815 2602; x_wconf 77' lang='lat' dir='ltr'>ll</span> <span class='ocrx_word' id='word_1_322' title='bbox 865 2565 903 2593; x_wconf 70' lang='lat'>20</span> <span class='ocrx_word' id='word_1_323' title='bbox 931 2564 1110 2603; x_wconf 63' lang='lat' dir='ltr'>magistris</span> <span class='ocrx_word' id='word_1_324' title='bbox 1128 2563 1184 2594; x_wconf 88' lang='lat' dir='ltr'>uel</span> <span class='ocrx_word' id='word_1_325' title='bbox 1207 2562 1428 2593; x_wconf 71' lang='lat' dir='ltr'>institoribus</span> <span class='ocrx_word' id='word_1_326' title='bbox 1445 2564 1572 2593; x_wconf 43' lang='lat' dir='ltr'>eodan-es</span> <span class='ocrx_word' id='word_1_327' title='bbox 1613 2562 1624 2604; x_wconf 84' lang='grc' dir='ltr'>[Ι</span> 
     </span>
     <span class='ocr_line' id='line_1_40' title="bbox 195 2608 1623 2648; baseline -0.001 -10"><span class='ocrx_word' id='word_1_328' title='bbox 195 2611 232 2638; x_wconf 63' lang='grc'>24</span> <span class='ocrx_word' id='word_1_329' title='bbox 263 2608 526 2647; x_wconf 55' lang='lat' dir='ltr'>colendodett„</span> <span class='ocrx_word' id='word_1_330' title='bbox 554 2608 745 2640; x_wconf 71' lang='lat' dir='ltr'>colondum</span> <span class='ocrx_word' id='word_1_331' title='bbox 767 2609 828 2639; x_wconf 76' lang='lat' dir='ltr'>ML</span> <span class='ocrx_word' id='word_1_332' title='bbox 877 2609 889 2648; x_wconf 81' lang='grc'>11</span> <span class='ocrx_word' id='word_1_333' title='bbox 940 2611 978 2639; x_wconf 71' lang='grc'>27</span> <span class='ocrx_word' id='word_1_334' title='bbox 1005 2610 1108 2640; x_wconf 77' lang='lat' dir='ltr'>uerba</span> <span class='ocrx_word' id='word_1_335' title='bbox 1135 2609 1163 2639; x_wconf 86' lang='lat' dir='ltr'>si</span> <span class='ocrx_word' id='word_1_336' title='bbox 1191 2612 1305 2639; x_wconf 81' lang='lat' dir='ltr'>tamen</span> <span class='ocrx_word' id='word_1_337' title='bbox 1325 2616 1394 2646; x_wconf 73' lang='lat' dir='ltr'>sqq.</span> <span class='ocrx_word' id='word_1_338' title='bbox 1425 2610 1534 2639; x_wconf 66' lang='lat' dir='ltr'>nescia</span> <span class='ocrx_word' id='word_1_339' title='bbox 1560 2617 1623 2647; x_wconf 78' lang='lat' dir='ltr'>quo</span> 
     </span>
     <span class='ocr_line' id='line_1_41' title="bbox 192 2653 1153 2694; baseline 0.001 -12"><span class='ocrx_word' id='word_1_340' title='bbox 192 2654 288 2684; x_wconf 79' lang='lat' dir='ltr'>modo</span> <span class='ocrx_word' id='word_1_341' title='bbox 305 2657 465 2693; x_wconf 76' lang='lat' dir='ltr'>corrupta</span> <span class='ocrx_word' id='word_1_342' title='bbox 483 2663 554 2685; x_wconf 78' lang='lat' dir='ltr'>esse</span> <span class='ocrx_word' id='word_1_343' title='bbox 571 2655 689 2685; x_wconf 59' lang='lat' dir='ltr'>ducent</span> <span class='ocrx_word' id='word_1_344' title='bbox 707 2654 783 2694; x_wconf 70' lang='lat' dir='ltr'><em>De&#39;y.</em></span> <span class='ocrx_word' id='word_1_345' title='bbox 807 2656 859 2686; x_wconf 72' lang='lat'>45.</span> <span class='ocrx_word' id='word_1_346' title='bbox 882 2658 911 2686; x_wconf 84' lang='lat'>3.</span> <span class='ocrx_word' id='word_1_347' title='bbox 935 2657 951 2684; x_wconf 86' lang='lat'><strong>3</strong></span> <span class='ocrx_word' id='word_1_348' title='bbox 972 2653 987 2694; x_wconf 61' lang='grc' dir='ltr'><em>ξ</em></span> <span class='ocrx_word' id='word_1_349' title='bbox 1007 2658 1036 2684; x_wconf 80' lang='grc'>4.</span> <span class='ocrx_word' id='word_1_350' title='bbox 1066 2657 1082 2684; x_wconf 84' lang='grc'>5</span> <span class='ocrx_word' id='word_1_351' title='bbox 1103 2653 1117 2693; x_wconf 66' lang='grc' dir='ltr'>ς’</span> <span class='ocrx_word' id='word_1_352' title='bbox 1137 2657 1153 2683; x_wconf 88' lang='grc'><strong>3</strong></span> 
     </span>
    </p>
   </div>
   <div class='ocr_carea' id='block_1_17' title="bbox 1653 775 1687 801">
    <p class='ocr_par' dir='ltr' id='par_1_17' title="bbox 1653 775 1687 801">
     <span class='ocr_line' id='line_1_42' title="bbox 1653 775 1687 801; baseline -0.029 0"><span class='ocrx_word' id='word_1_353' title='bbox 1653 775 1687 801; x_wconf 75' lang='lat' dir='ltr'>ll)</span> 
     </span>
    </p>
   </div>
   <div class='ocr_carea' id='block_1_18' title="bbox 1650 1150 1688 1178">
    <p class='ocr_par' dir='ltr' id='par_1_18' title="bbox 1650 1150 1688 1178">
     <span class='ocr_line' id='line_1_43' title="bbox 1650 1150 1688 1178; baseline 0.026 -1"><span class='ocrx_word' id='word_1_354' title='bbox 1650 1150 1688 1178; x_wconf 72' lang='lat' dir='ltr'>v¹5</span> 
     </span>
    </p>
   </div>
   <div class='ocr_carea' id='block_1_19' title="bbox 1646 1435 1685 1463">
    <p class='ocr_par' dir='ltr' id='par_1_19' title="bbox 1646 1435 1685 1463">
     <span class='ocr_line' id='line_1_44' title="bbox 1646 1435 1685 1463; baseline -0.026 0"><span class='ocrx_word' id='word_1_355' title='bbox 1646 1435 1685 1463; x_wconf 71' lang='grc' dir='ltr'>ΞΟ</span> 
     </span>
    </p>
   </div>
  </div>
 </body>
</html>
