1942 3081
130 347 146 384 -i

126 518 160 578 ,io

126 802 151 895 caea-⁴-

699 165 811 171 ——-
871 143 922 181 99
982 167 1093 171 -——
1345 145 1441 176 Paul.
1462 146 1518 181 lv,
1539 148 1570 176 7.
1592 148 1609 176 8

629 265 693 318 [vii
752 279 799 305 DE
831 279 923 305 LEGE
955 268 1157 319 commu]

295 345 373 392 Qui
395 352 688 385 testamentum
711 344 859 385 salsum
888 346 1102 397 scripserit
1124 347 1364 385 recitauerit
1386 346 1610 387 subiet-erit

179 403 409 454 signauerit
426 403 707 454 suppresserit
723 404 925 442 amouerit
943 402 1219 454 resignauerit
1236 400 1455 454 deleuerit,
1479 417 1613 455 poena

180 459 284 511 legis
308 459 523 498 Corneliae
556 458 607 498 de
634 459 749 498 falsis
778 458 1013 508 tenebitur,
1049 458 1091 498 id
1113 466 1173 498 est
1196 460 1237 498 in
1261 460 1438 499 insulam
1460 460 1613 512 depor-

179 522 303 555 tatur.
368 517 453 554 Non
487 522 647 555 tantum
677 516 733 565 is,
762 517 833 568 qui
856 522 1150 555 testamentum
1180 515 1358 556 subiecit
1378 519 1612 569 suppressit

179 572 360 623 deleuit,
387 585 520 624 poena
543 573 645 624 legis
669 573 880 612 Corneliae
903 579 1138 623 coercetur,
1165 572 1241 612 sed
1263 579 1303 613 et
1326 573 1359 612 is
1381 575 1454 625 qui
1476 575 1613 613 sciens

181 629 273 669 dolo
294 629 401 668 malo
424 629 467 668 id
490 629 579 668 fieri
603 631 722 669 iussit
750 629 1042 669 faciendumne
1065 631 1240 669 curauit.
1303 631 1611 670 Testamentum

179 687 422 738 supprimit,
449 687 520 737 qui
542 688 678 726 sciens
700 686 971 739 prudensque
993 686 1155 726 tabulas
1176 688 1413 726 testamenti
1436 688 1478 726 in
1500 687 1614 727 frau-

180 743 275 782 dem
304 742 507 782 heredum
541 744 607 782 uel
648 744 941 795 legatariorum
977 743 1512 784 fideiuecommissarz'orum
1544 750 1615 784 aut

179 800 436 839 libertatium
468 813 550 839 non
581 801 749 852 profert.
814 801 1084 852 Supprimere
1120 800 1283 840 tabulas
1317 800 1506 851 uidetur,
1541 802 1614 853 qui

180 870 275 896 cum
295 856 447 896 habeat
478 864 516 896 et
538 857 724 909 proferre
747 859 889 909 possit,
918 870 986 897 eas
1009 857 1198 910 proferre
1221 871 1302 898 non
1324 864 1454 898 curat.
1491 858 1614 897 Codi-

182 914 264 953 cilli
288 926 454 966 quoque
476 915 510 953 si
532 915 683 953 lateant
707 928 783 954 nec
805 914 1084 966 proferantur,
1112 915 1315 967 supprimi
1338 914 1609 955 uidebuntur.

180 970 324 1010 Edicto
345 977 547 1023 perpetuo
569 978 752 1021 cauetur,
781 979 848 1021 ut,
876 973 910 1010 si
932 971 1097 1011 tabulae
1120 973 1359 1011 testamenti
1379 985 1462 1011 non
1485 985 1613 1024 appa-

181 1034 320 1078 reant,
356 1027 408 1066 de
431 1040 574 1067 earum
605 1028 858 1067 exhibitione
883 1028 1102 1067 interdicto
1135 1028 1300 1068 reddito
1330 1029 1435 1068 intra
1457 1041 1613 1068 annum

180 1085 245 1136 agi
276 1086 425 1136 possit,
464 1097 544 1136 quo
574 1085 626 1124 ad
658 1084 943 1124 exhibendum
974 1085 1238 1137 compellitur
1269 1087 1340 1137 qui
1371 1087 1608 1137 supprimit.

180 1141 415 1180 tabularum
439 1148 575 1181 autem
599 1142 874 1194 appellatione
905 1142 1072 1181 chartae
1095 1154 1261 1194 quoque
1285 1149 1324 1181 et
1346 1142 1614 1182 membranae

179 1200 460 1238 continentur.

496 1322 575 1375 [vni
634 1335 682 1361 DE
715 1336 1005 1363 mmsrnonvm
1035 1323 1295 1376 svcelzssmmz]

292 1402 505 1442 *Intestati
528 1402 749 1453 dicuntur,.
765 1405 836 1455 qui
854 1409 1150 1442 testamentum
1172 1403 1306 1442 facere
1324 1415 1406 1442 non
1423 1409 1610 1454 possunt,

179 1458 273 1499 *uel
304 1460 384 1511 ipsi
414 1460 570 1509 linum,
604 1466 651 1499 ut
681 1461 865 1499 intestati
887 1459 1163 1510 decederent,
1189 1459 1468 1512 abruperunt,
1498 1459 1566 1498 uel
1588 1460 1615 1497 ii

178 1516 383 1567 *quorum
404 1516 615 1556 hereditas
638 1516 859 1568 repudiata
882 1524 964 1567 est,
993 1518 1164 1556 cuiusue
1187 1516 1373 1556 condicio
1395 1515 1611 1556 defecerit.

179 1572 336 1625 *[Sine]
365 1575 453 1613 iure
476 1574 681 1625 praetorio
704 1573 856 1613 factum
881 1580 1174 1614 testamentum
1191 1573 1350 1612 obiecta
1368 1572 1451 1612 doli
1474 1585 1617 1628 excep-

180 1630 319 1669 *tione
348 1629 568 1669 obtinebit.
634 1631 813 1679 Quorum
842 1637 1089 1670 testamenta
1117 1637 1371 1682 rumpuntur
1401 1636 1471 1669 aut
1493 1631 1616 1669 inrita

179 1687 323 1737 *fiunt,
350 1688 439 1738 ipso
456 1686 627 1738 quidem
651 1688 741 1726 iure
764 1689 904 1727 testati
922 1687 1146 1736 decedunt,
1173 1687 1248 1727 sed
1264 1700 1341 1739 per
1354 1699 1606 1738 consequen-

179 1744 282 1783 *tias
304 1743 465 1783 sublato
486 1750 731 1783 testamento
754 1745 939 1784 intestati
962 1744 1185 1784 decedunt.
1228 1745 1520 1784 Intestatorum
1542 1744 1616 1783 he-
1666 1751 1679 1759 ⁹

179 1800 362 1840 *reditas
394 1801 485 1852 lege
516 1800 737 1840 duodecim
766 1801 1002 1841 tabularum
1042 1802 1224 1853 primum
1255 1802 1341 1841 suis
1371 1800 1612 1851 heredibus,

182 1857 360 1897 *deinde
382 1858 542 1910 agnatis
565 1865 605 1897 et
625 1858 848 1910 aliquando
880 1871 1045 1910 quoque
1067 1858 1296 1911 gentilibus
1327 1857 1612 1898 deferebatur.

179 1914 304 1954 *sane
335 1916 652 1967 consanguinei,
687 1928 783 1968 quos
804 1916 872 1955 lex
901 1928 983 1955 non
1015 1916 1371 1968 apprehenderat,
1407 1916 1618 1967 interpre-

494 2038 1009 2047 -mW-rxsx-mn-sasfsc«s-*ae-ae-›sn
1024 2044 1030 2046 t
1046 2039 1099 2046 afa
1106 2038 1297 2047 ssvA2sw
1310 2037 1597 2046 xmmmvuwm
1609 2039 1614 2043 «

274 2099 306 2136 8,
329 2098 436 2127 4-19
457 2109 497 2122 =
521 2096 660 2129 Collatio
680 2098 733 2135 46,
755 2098 771 2126 3

1011 2186 1039 2193 >r
1047 2186 1124 2193 fs»,—
1132 2186 1293 2194 fistffflflaef-A*
1300 2186 1546 2193 fstt—fifMs-fo
1553 2186 1585 2192 rs
1596 2188 1605 2192 ἡ

275 2257 291 2285 3
320 2254 557 2295 suppresserit
576 2262 607 2285 a.
629 2254 758 2294 resign.
780 2254 817 2291 L,
845 2262 909 2285 om.
933 2254 978 2291 M,
1007 2254 1048 2294 cf.
1073 2256 1103 2292 5,
1126 2255 1179 2292 25,
1202 2257 1213 2284 1¹
1283 2255 1296 2294 Η
1360 2255 1377 2284 5
1405 2253 1556 2286 subiecit
1575 2255 1612 2290 L,

181 2309 247 2332 om.
276 2300 314 2331 M
375 2299 388 2340 Η
452 2302 468 2329 7
496 2298 747 2330 faciendumne
773 2300 867 2337 dett,
895 2298 1171 2340 faciendumque
1198 2300 1244 2336 M,
1273 2299 1507 2340 faciendoque
1534 2300 1558 2330 L
1605 2299 1615 2340 1]

183 2348 202 2376 9
228 2345 638 2377 fideiuecommissorum
657 2345 703 2382 M,
725 2344 1160 2385 fideiquecommissorum
1179 2346 1204 2376 L
1244 2345 1257 2385 Η
1301 2348 1339 2376 40
1365 2345 1499 2386 profert
1519 2346 1612 2379 dett..

183 2390 343 2433 proferet
360 2391 398 2430 L,
418 2389 578 2432 proferre
597 2391 635 2421 M
684 2390 697 2430 ΙΙ
751 2393 790 2421 46
816 2392 935 2421 autem
954 2391 991 2427 L,
1013 2399 1155 2431 quoque
1174 2391 1212 2422 M
1257 2391 1270 2430 ΙΙ
1319 2393 1357 2421 48
1385 2391 1615 2422 successione

192 2437 381 2477 Wisiyothi‚
410 2435 702 2468 successionibus
723 2435 804 2467 Coll.
833 2439 864 2467 et
890 2436 961 2467 Lex
980 2436 1071 2467 Rom.
1095 2437 1200 2476 Bur-9.
1224 2438 1278 2474 28,
1299 2438 1330 2473 3,
1358 2435 1616 2466 hereditatibus

183 2482 363 2521 Appendioe
382 2484 412 2521 4,
434 2484 466 2513 7.
490 2484 527 2512 47
586 2480 599 2521 ΙΙ
658 2483 697 2511 20
726 2481 774 2512 hii
797 2481 912 2520 Collffl,
940 2481 998 2512 hic
1020 2481 1132 2513 Cozl.w
1155 2482 1258 2513 Collff·
1321 2480 1333 2520 ΙΙ
1398 2483 1432 2510 21
1465 2481 1615 2512 cuiusue

180 2528 330 2567 sortasse
348 2536 391 2558 eo:
410 2527 688 2559 institutionisue
708 2529 903 2566 corrupt-um
922 2530 971 2558 est
1010 2528 1023 2567 ΙΙ
1065 2529 1104 2558 22
1133 2528 1207 2558 sine
1226 2527 1288 2557 del.
1332 2526 1345 2566 Η
1386 2525 1525 2558 abiecta
1543 2526 1615 2557 doli

185 2573 432 2613 expectatione
456 2572 568 2610 (-nem
590 2571 713 2607 Collssv]
736 2573 863 2603 codices
918 2572 931 2612 ΙΙ
988 2574 1026 2603 23
1054 2571 1220 2613 quorum]
1245 2580 1370 2603 eorum
1388 2579 1539 2611 quorum
1559 2580 1616 2602 co-

183 2619 274 2649 dices
324 2617 338 2658 ll
391 2620 430 2648 27
457 2617 647 2658 gentilibus
666 2618 834 2655 Pithoeus,
859 2617 1025 2658 gentibus
1043 2619 1170 2649 codices
1225 2617 1238 2657 Η
1295 2619 1334 2647 28
1362 2617 1616 2656 consanguinei

182 2672 275 2704 quos
297 2663 466 2701 Cuiact'us,
488 2664 762 2704 consanguineis
780 2664 907 2694 codices

1295 2720 1311 2748 7
1323 2717 1342 2733 δὲ

1642 809 1652 837 ⁴
1663 809 1678 836 Ο

1642 1093 1680 1122 [15

1641 1468 1681 1496 20
