1942 3081
253 407 275 442 ἑ)

232 692 275 729 to

230 1091 242 1128 sl
260 1092 271 1128 1

301 107 570 139 Dosttti.8—-t-2
807 128 921 134 —-
988 106 1061 144 154
1121 125 1235 132 —-.

303 234 394 285 lege
416 233 530 272 lunia
554 238 718 271 cautum
743 238 819 270 est.
869 237 965 270 sunt
987 237 1126 269 autem
1147 230 1293 282 plures
1314 240 1484 277 causae,
1521 229 1561 266 in
1585 227 1741 280 quibus

301 303 384 329 non
407 297 546 329 tuetur
566 289 785 341 proconsul
804 288 1036 338 libertatem,
1065 286 1117 326 de
1137 286 1290 338 quihus
1306 285 1584 337 procedentes
1601 292 1734 324 osten-

302 347 466 386 demus.

416 403 499 444 Sed
523 410 562 443 et
585 402 688 443 illud
709 401 1035 452 obseruandum,
1060 408 1106 441 ut
1129 402 1162 440 is
1184 402 1255 452 qui
1279 401 1587 440 manumittitur
1604 400 1647 437 in
1665 398 1733 438 bo-

301 463 367 501 nis
396 461 729 500 manumittentis
760 461 833 500 sit:
870 466 910 499 et
940 459 1032 498 ideo
1061 460 1093 497 si
1127 465 1286 497 tantum
1318 471 1370 497 ex
1400 458 1491 496 iure
1514 457 1740 503 Quiritium

303 520 352 559 sit
376 519 722 568 manumittentis,
748 530 829 556 non
851 518 931 556 erit
954 517 1144 555 Latinus:
1172 528 1342 554 necesse
1367 522 1429 554 est
1449 527 1546 566 ergo
1568 526 1739 553 seruum

303 589 384 615 non
407 583 567 615 tantum
590 588 641 613 ex
664 575 755 613 iure
779 575 1018 623 Quiritium,
1045 572 1119 612 sed
1143 574 1265 611 etiam
1284 572 1462 611 inbonis
1480 584 1572 611 esse
1591 583 1741 611 manu-

303 634 518 673 mittentis.

419 689 658 729 Communis
692 700 839 727 seruus
874 687 927 726 ab
966 700 1049 726 uno
1081 699 1136 725 eac
1171 688 1286 726 sociis
1318 687 1621 735 manumissus,
1665 697 1742 724 ne-

304 761 386 799 que.
407 747 459 786 ad
482 746 719 785 libertatem
741 745 939 796 peruenit
960 751 1001 783 et
1023 744 1195 783 alterius
1216 744 1372 783 domini
1395 749 1503 783 totus
1526 743 1570 782 fit
1592 755 1741 782 seruus

305 807 396 844 iure
428 803 710 843 adcrescencli.
755 801 829 841 sed
859 803 967 840 inter
997 801 1149 840 amicos
1179 814 1327 840 seruus
1359 800 1411 839 ab
1442 813 1525 839 uno
1549 812 1601 839 ex
1621 801 1742 839 sociis

305 862 586 902 manumissus
615 860 836 910 utriusque
863 859 1024 898 domini
1043 871 1192 897 seruus
1215 858 1419 897 manebit:
1457 858 1522 896 ius
1543 858 1646 896 enim
1667 856 1742 896 ad-

304 919 521 958 crescemli
549 918 591 956 in
622 918 697 956 hac
727 917 1051 955 manumissione
1082 928 1161 954 non
1182 922 1392 955 uersatur.
1437 915 1623 967 quamuis
1646 915 1743 952 Pro—

304 977 423 1016 culus
445 975 751 1015 emistimauerit
770 973 1013 1013 adcrescere
1035 985 1127 1012 eum
1151 974 1258 1012 socio
1285 1004 1292 1011 .
1321 1003 1329 1011 .
1361 1004 1368 1011 .
1397 1002 1405 1010 .
1432 984 1514 1023 qua
1535 972 1742 1011 sententia

303 1035 474 1073 utimur.

420 1090 724 1141 Proprietarius
755 1101 851 1127 eum
883 1100 1070 1137 seruum,
1104 1089 1223 1126 cuius
1253 1086 1520 1139 ususfructus
1542 1085 1595 1125 ad
1615 1085 1742 1125 alium

305 1149 500 1200 pertinet,
521 1159 602 1185 non
620 1152 753 1198 potest
768 1144 954 1184 uindicta
974 1146 1268 1184 manumittere
1286 1144 1475 1183 obstante
1492 1142 1715 1183 usufructu
1731 1157 1737 1181 2

307 1212 345 1244 et
369 1206 402 1243 si
425 1204 715 1243 manumiserit
738 1216 834 1242 eum
856 1201 1065 1252 uindicta,
1102 1201 1223 1241 faciet
1253 1214 1420 1240 seruum
1445 1201 1535 1239 sine
1559 1199 1738 1239 domino.

306 1262 380 1301 sed
403 1263 591 1301 Latinum
618 1294 625 1300 .
730 1291 738 1298 .
768 1291 776 1298 .

422 1319 672 1369 Peregrinus
690 1318 968 1356 manumissor
985 1328 1155 1354 seruum
1173 1328 1255 1354 non
1272 1321 1407 1367 potest
1424 1314 1475 1353 ad
1489 1315 1742 1353 Latinitatem

306 1376 555 1428 perducere,
582 1376 679 1427 quia
702 1376 770 1413 lex
793 1374 922 1423 Iunia,
951 1386 1058 1424 quae
1081 1374 1316 1412 Latinorum
1340 1385 1471 1423 genus
1494 1371 1740 1421 introduxit,

404 1596 411 1623 1
438 1593 521 1624 iulia
541 1593 567 1624 V
603 1592 616 1632 11
657 1593 800 1623 cautum
822 1591 959 1627 Rom-er,
981 1592 1131 1622 tutatum
1150 1587 1353 1632 ἠσφαλισται
1372 1590 1398 1620 Γ
1433 1589 1446 1629 11
1486 1592 1503 1620 2
1525 1590 1664 1620 tueatur
1682 1598 1747 1631 φυ-

306 1637 378 1676 miz
403 1640 428 1670 Γ
479 1639 492 1679 11
548 1638 752 1679 proconsul]
778 1639 921 1678 praetor
939 1636 993 1667 uel
1012 1636 1205 1677 proconsul
1225 1636 1420 1666 Lachmann
1476 1634 1489 1674 11
1546 1633 1745 1665 libertatem

309 1686 446 1721 Roerer,
468 1685 788 1716 manumissionem
807 1680 997 1727 ελευθεριαν
1023 1683 1048 1712 Γ
1095 1681 1107 1721 11
1163 1681 1400 1722 procedentes
1418 1680 1649 1712 ostendemus
1665 1690 1748 1724 προ-

308 1729 459 1772 βεηοντεσ
477 1727 681 1771 επιόειξομεν
707 1730 750 1760 Γ.·
771 1730 959 1767 requiritur
975 1728 1148 1768 deinceps·
1164 1726 1371 1758 uidebimus
1423 1726 1435 1766 11
1489 1727 1504 1756 4
1525 1725 1588 1757 sed
1605 1728 1643 1757 ut
1661 1722 1747 1757 αλλα

307 1787 364 1808 και
387 1777 415 1808 Γ
451 1775 464 1816 11
497 1778 536 1807 ut
553 1777 581 1806 is
603 1775 781 1814 Boecln‘ngs,
802 1775 852 1805 uti
873 1775 898 1805 V
935 1773 948 1813 11
990 1776 1007 1804 5
1027 1774 1069 1804 sit
1088 1782 1152 1804 om.
1176 1773 1202 1802 V
1238 1772 1251 1812 11
1293 1774 1311 1802 9
1330 1772 1374 1803 ab
1394 1781 1465 1803 uno
1484 1781 1525 1804 ex
1543 1772 1652 1803 sociis
1670 1780 1748 1802 ma-

310 1823 492 1853 numissus
509 1823 643 1860 scripsi,
671 1821 916 1851 manumissus
940 1820 973 1850 tit
998 1818 1088 1850 liber
1106 1829 1133 1850 ει
1151 1829 1215 1850 orto
1235 1828 1308 1850 ενοσ
1325 1828 1458 1861 γενηται
1476 1815 1656 1860 ελευθεροσ
1679 1818 1706 1849 V
1736 1814 1749 1858 11

312 1871 344 1899 Γ11
368 1869 444 1898 iure
460 1866 694 1899 adcrescendi
712 1867 850 1904 Roever,
873 1866 948 1896 iure
967 1866 1151 1896 crescente
1167 1874 1272 1906 νομου
1291 1863 1474 1906 αυξομενου
1495 1864 1521 1894 Γ
1549 1863 1562 1904 11
1599 1865 1636 1893 12
1656 1863 1749 1894 utri-

308 1922 420 1954 usque
447 1913 583 1944 domini
604 1913 812 1947 Lachmann,
840 1912 982 1951 utrique
1004 1910 1243 1942 dominabunt
1259 1919 1406 1953 εκατερω
1422 1919 1652 1953 κυριευσουσιν
1676 1909 1703 1939 V
1736 1905 1749 1950 11

310 1960 364 1991 ius
385 1984 392 1991 .
411 1984 418 1990 .
437 1984 442 1990 .
468 1962 507 1989 13
528 1960 693 1989 uersatur
712 1957 876 1993 Huschke,
899 1957 1030 1988 iustum
1050 1957 1143 1988 enim
1164 1964 1232 1987 non
1252 1955 1464 1987 adcrescere
1483 1955 1518 1985 in
1536 1955 1602 1986 hac
1619 1963 1748 1986 manu-

311 2005 518 2036 missionem
539 2005 573 2035 in
593 2013 661 2044 qua
678 2004 832 2035 uertitur
849 2001 973 2034 ὂικαιον
992 2012 1053 2045 γαρ
1072 2013 1109 2033 ου
1136 2004 1202 2039 (του
1220 2010 1301 2039 scr.)
1330 1997 1573 2044 προσαυξεσθαι
1592 2011 1625 2032 εν
1643 2010 1748 2043 ταυτη

308 2061 349 2093 τη
373 2048 547 2092 alentiam
570 2060 603 2080 εν
628 2060 650 2092 η
674 2059 847 2092 στρεφεται
872 2049 915 2079 V:
939 2048 1085 2088 fortasse
1110 2049 1276 2079 seruatur
1297 2056 1362 2086 pro
1383 2048 1550 2078 uersatur
1567 2048 1749 2078 restituen-

309 2098 389 2127 dum
407 2099 455 2127 est
495 2096 507 2134 11
550 2099 588 2126 13
616 2096 783 2135 quamuis
803 2119 810 2126 .
833 2118 840 2125 .
863 2119 870 2126 .
894 2097 932 2124 15
958 2095 1092 2125 utimur
1116 2094 1324 2131 Lachmann,
1355 2092 1418 2124 sed
1444 2101 1551 2134 quam
1578 2091 1750 2133 proculus

309 2143 549 2173 aestimauerit
576 2141 784 2182 probauerit
808 2140 1020 2171 adcrescere
1046 2148 1128 2170 curn
1155 2140 1244 2170 sotio
1270 2148 1339 2179 qua
1366 2139 1538 2170 sententia
1561 2138 1697 2169 utimur
1721 2147 1749 2168 ει

308 2199 366 2219 και
390 2185 582 2231 προ-ιω).οσ
607 2185 785 2229 Fac-atumem
806 2183 984 2228 προσαρξω
1008 2195 1092 2228 μετα
1115 2195 1285 2216 κοινωνων
1312 2195 1349 2216 ου
1373 2194 1415 2227 τη
1441 2194 1559 2227 γνωμη
1583 2180 1750 2228 γρωμεθα

319 2235 340 2264 Γ
386 2233 399 2273 11
451 2235 490 2263 16
518 2233 599 2263 uius
626 2229 661 2263 Vl
717 2231 731 2272 11
786 2240 873 2262 usus
891 2234 925 2262 et
942 2231 1081 2262 fructus
1106 2232 1132 2261 V
1167 2230 1181 2270 11
1228 2231 1304 2261 inde
1321 2231 1362 2261 ab
1380 2230 1425 2261 ad
1443 2230 1552 2261 alium
1569 2223 1656 2260 redit
1675 2228 1699 2259 S
1737 2227 1750 2264 11

311 2281 350 2310 17
378 2280 558 2320 pertinere
578 2280 601 2307 S
655 2278 668 2317 11
724 2277 883 2308 uindicta
905 2277 939 2315 S,
969 2286 1010 2308 ex
1028 2277 1209 2308 uindictas
1232 2277 1259 2307 V
1310 2276 1323 2315 11
1379 2275 1542 2307 obstante
1561 2273 1750 2306 usufructu

310 2323 560 2368 επισκεῴουΰησ
584 2333 758 2368 χρηπησυν
780 2333 909 2366 παρ-,του
930 2324 965 2359 S,
994 2322 1168 2354 obstantis
1192 2330 1281 2353 usus
1305 2324 1339 2353 et
1364 2320 1481 2352 fructu
1507 2329 1750 2363 επισκοτουσησ

308 2379 466 2415 χρησεωσ
490 2381 547 2402 και
572 2379 702 2413 καρπον)
731 2369 771 2399 V:
797 2368 945 2408 fortasse
967 2368 1072 2407 fuerit
1095 2370 1280 2399 constante
1332 2368 1345 2408 11
1399 2369 1437 2398 18
1465 2366 1624 2398 uindicta
1644 2366 1678 2403 S,
1707 2374 1749 2397 ex

309 2416 471 2448 uindicta
497 2416 523 2447 V
582 2415 595 2455 11
659 2415 736 2446 sine
764 2438 799 2446 ..
823 2440 830 2446 .
859 2416 899 2444 20
928 2423 1073 2445 seruum
1098 2423 1162 2444 om.
1190 2414 1217 2445 V
1274 2413 1288 2453 11
1353 2415 1392 2442 19
1419 2412 1481 2443 sed
1501 2411 1662 2452 latinum]
1691 2420 1750 2442 re-

310 2464 497 2501 quir-untur
520 2461 593 2501 fere
618 2461 700 2492 talia
734 2459 796 2491 sed
829 2460 927 2490 tinito
964 2459 1150 2490 usufructu
1185 2468 1227 2489 ex
1259 2458 1334 2496 lege
1363 2458 1464 2489 Iunia
1496 2457 1629 2489 latinus
1661 2457 1700 2487 tit
1737 2454 1750 2498 11

312 2510 351 2538 20
381 2509 637 2538 manumittens
655 2507 782 2537 codices
833 2505 847 2545 11
899 2505 942 2536 ad
962 2505 1111 2536 latinum
1132 2504 1330 2546 perducere
1348 2513 1431 2546 προσ
1448 2500 1581 2535 λατινον
1600 2513 1687 2544 αγειν
1711 2502 1745 2540 V,

310 2554 460 2584 latinum
479 2552 595 2584 facere
615 2561 784 2595 ρωμαικον
802 2560 939 2594 ποιησαι
954 2550 977 2581 S
1016 2550 1029 2590 11
1069 2553 1105 2581 21
1130 2551 1212 2591 quia
1232 2560 1302 2581 επει
1322 2550 1355 2585 V,
1375 2549 1543 2589 quoniam
1562 2547 1676 2591 επειῧη
1692 2547 1716 2579 S
1736 2546 1748 2588 11

312 2599 395 2630 iulia
420 2599 445 2630 V
489 2599 502 2638 11
553 2608 644 2639 quae
662 2595 724 2629 om.
747 2597 810 2628 (οια
830 2596 1051 2635 Studemzmd)
1076 2596 1110 2633 S,
1133 2597 1192 2636 qui
1212 2605 1259 2627 ωσ
1282 2596 1307 2625 Γ
1359 2594 1373 2634 11
1428 2603 1540 2632 genus
1557 2595 1620 2626 uix
1636 2595 1750 2632 scrip-

308 2647 390 2676 serit
407 2645 657 2675 iureconsultus
696 2643 709 2683 11
751 2643 889 2674 induxit
910 2642 933 2674 S

1769 749 1808 778 to

1770 1037 1810 1065 45

1769 1321 1811 1350 20
