1942 3081
677 135 789 141 ——-
852 114 928 153 125
1379 117 1475 148 Paul.
1500 118 1540 155 V,
1562 119 1604 147 46

106 238 149 274 8a
174 238 420 289 interrogari
443 249 524 276 non
545 243 694 289 potest.
737 238 919 276 *Seruus
941 250 1018 276 noc
1039 239 1073 277 si
1096 251 1116 277 a
1140 238 1303 278 domino
1327 239 1378 278 ad
1400 247 1604 281 tormenta

102 290 148 331 8¹³
172 294 413 345 *offeratuffi
449 293 770 346 interrogandus
791 301 868 333 est.
933 294 1039 334 Sane
1072 296 1263 346 quotiens
1285 298 1523 347 quaeritur,
1550 311 1601 337 an

171 350 307 390 *serui
332 352 373 389 in
397 357 520 403 caput
541 350 695 390 domini
720 351 1001 402 interrogandi
1025 352 1121 402 sint,
1147 352 1265 403 prius
1287 351 1339 391 do
1363 366 1503 392 corum
1527 353 1602 393 do-

123 409 144 444 9
170 408 319 447 *minio
341 415 500 460 oportet
522 407 722 459 inquiri.*
754 408 796 447 Si
819 420 966 447 seruus
987 408 1040 446 ad
1062 409 1136 447 hoc
1160 408 1284 448 fuerit
1306 411 1597 461 manumissus,

170 477 223 504 ne
254 471 518 516 torqueatur,
561 465 747 516 quaestio
778 464 829 503 de
863 477 909 503 eo
941 465 1070 504 nihilo
1100 466 1237 504 minus
1270 465 1416 504 haberi
1448 473 1595 518 potest.

93 578 139 618 110
282 578 520 625 Quaestioni
551 578 642 617 eius
664 578 856 629 latronis,
891 591 1015 630 quem
1038 579 1132 630 quis
1154 578 1325 629 obtulit,
1361 592 1454 618 cum
1478 579 1529 619 de
1552 594 1598 619 co

167 634 398 685 confitetur,
424 634 549 674 fidem
568 634 867 674 accommodari
885 648 965 674 non
988 636 1204 675 conuenit:
1230 636 1309 675 nisi
1334 635 1375 675 id
1397 636 1499 675 forte
1522 650 1598 676 ue-

165 691 313 731 landae
335 692 610 731 conscientiae
631 704 728 731 suae
751 692 894 743 gratia,
921 705 1043 744 quam
1063 706 1153 732 cum
1178 705 1246 732 reo
1263 692 1422 744 habuit,
1449 693 1597 733 fecisse

164 748 376 788 doceatur.

95 808 102 845 l
123 808 130 845 l
276 807 420 858 Neque
442 812 654 845 accusator
674 818 749 857 per
771 806 896 845 alium
920 819 1114 846 accusare
1135 819 1274 858 neque
1305 819 1401 846 reus
1423 820 1498 858 per
1518 808 1595 846 ali-

164 876 233 902 um
256 862 423 902 defendi
448 869 603 914 potest,
638 863 717 901 nisi
750 863 957 914 ingratum
979 862 1177 902 libertum
1206 870 1406 915 patronus
1428 872 1593 903 accuset

68 921 81 959 l
98 922 137 959 1ἃ
162 927 232 959 aut
250 921 309 959 rei
327 919 516 959 absentia
533 919 798 959 defendatur.
831 919 868 958 *.
893 951 901 959 .
925 951 933 958 .
955 920 1023 958 alii
1042 927 1210 972 propter
1227 921 1505 972 suspicionem
1525 934 1592 960 ca-

161 977 380 1026 *lumniae,
408 984 452 1016 ut
470 977 528 1015 illi
552 977 623 1028 qui
646 976 793 1016 falsum
819 978 1099 1016 testimonium
1120 977 1333 1016 subornati
1351 976 1594 1017 dixerunt*

92 1035 135 1073 12>
162 1035 203 1073 Si
225 1034 400 1086 pecunia
433 1033 528 1072 data
550 1033 676 1072 iudici
709 1046 804 1072 reus
836 1033 1048 1073 absolutus
1079 1046 1170 1073 esse
1202 1034 1364 1073 dicatur
1392 1034 1518 1085 idque
1550 1036 1591 1073 in

161 1103 256 1130 eum
275 1090 402 1130 fuerit
423 1089 746 1142 comprobatum,
774 1103 820 1129 ea
837 1103 969 1142 poena
991 1090 1226 1141 damnatur,
1252 1103 1333 1142 qua
1356 1103 1453 1130 reus
1475 1091 1593 1131 dam-

89 1149 132 1186 13
158 1148 248 1187 nari
272 1148 486 1199 potuisset.
549 1148 593 1186 In
617 1147 852 1186 conuictum
873 1160 1006 1197 reum,
1031 1148 1120 1186 siue
1141 1149 1328 1199 torqueri
1349 1148 1478 1199 possit
1499 1149 1590 1187 siue

85 1206 132 1244 ΙΙζι
158 1217 241 1243 non
261 1205 414 1256 possit,
448 1217 522 1256 pro
542 1203 662 1243 modo
683 1203 852 1243 admissi
876 1204 1045 1243 sceleris
1067 1204 1333 1244 statuendum
1355 1211 1430 1244 est.
1494 1206 1591 1244 Reis

159 1261 246 1300 suis
281 1260 409 1300 edere
451 1261 625 1300 crimina
664 1267 922 1300 accusatores
957 1261 1129 1312 cogendi
1165 1268 1283 1300 sunt:
1329 1262 1436 1301 scire
1478 1262 1590 1301 enim

82 1319 131 1357 ,15
158 1324 330 1370 oportet,
366 1317 518 1369 quibus
548 1319 631 1357 sint
652 1318 895 1357 criminibus
916 1319 1170 1369 responsuri.
1212 1318 1509 1370 *Cogniturum
1538 1319 1589 1359 de

158 1374 425 1414 *criminibus
446 1374 684 1426 praesidem
705 1381 864 1426 oportet
885 1382 979 1414 ante
1002 1374 1111 1414 diem
1132 1375 1268 1427 palam
1295 1376 1429 1414 facere
1452 1382 1590 1415 custo-

155 1431 268 1471 *dias
290 1445 332 1471 se
354 1431 611 1482 auditurum,
636 1444 689 1470 ne
710 1432 766 1482 hi,
793 1433 862 1483 qui
886 1431 1140 1471 defendendi
1158 1439 1268 1483 sunt,
1294 1431 1444 1471 subitis
1465 1445 1590 1472 accu-

155 1488 361 1528 *satorum
378 1488 624 1528 criminibus
641 1489 928 1540 opprimantur
945 1503 951 1528 :
974 1490 1166 1540 quamuis
1183 1489 1466 1528 defensionem
1484 1501 1589 1541 quo·

155 1546 359 1597 *cumque
390 1552 575 1597 tempore
595 1545 830 1596 postulante
854 1558 922 1584 reo
943 1546 1086 1597 negari
1108 1559 1190 1584 non
1212 1552 1391 1597 oportet,
1418 1545 1519 1585 adeo
1542 1553 1587 1585 ut

81 1603 129 1641 16
154 1602 397 1654 *propterea
421 1609 461 1642 et
478 1602 725 1642 differantur
747 1608 786 1641 et
808 1602 1072 1654 proferantur
1093 1602 1320 1642 custodiae.
1366 1602 1585 1643 Custodiae

154 1658 262 1698 *non
284 1660 415 1699 solum
437 1672 513 1710 pro
539 1658 760 1709 tribunali,
795 1659 869 1699 sed
892 1666 932 1699 et
954 1659 1005 1699 de
1027 1660 1149 1711 plano
1171 1659 1306 1699 audiri
1327 1666 1501 1711 possunt
1522 1667 1584 1699 at-

79 1716 128 1755 47
154 1715 259 1768 *que
283 1716 485 1756 damnari.
539 1717 583 1754 In
605 1717 861 1768 pecuniariis
883 1717 1016 1756 causis
1037 1716 1223 1756 omnibus
1245 1716 1384 1756 dilatio
1412 1717 1585 1768 singulis

153 1772 310 1812 *causis
349 1774 444 1825 plus
472 1773 613 1812 ,semel
644 1772 772 1811 tribui
794 1786 876 1812 non
907 1780 1065 1825 potest:
1102 1774 1143 1812 in
1175 1773 1423 1825 capitalibus
1445 1780 1582 1813 autem

151 1830 246 1869 *reo
267 1837 353 1870 tres
370 1830 602 1880 dilationes,
629 1832 854 1869 accusatori
872 1830 978 1870 duae
1000 1830 1087 1869 dari
1105 1838 1277 1882 possunt
1295 1845 1302 1869 2
1329 1830 1404 1869 sed
1421 1837 1585 1870 utrum-

151 1886 256 1939 *que
279 1899 400 1926 causa
422 1886 627 1938 cognita*

821 1999 1091 2008 Jusmv-J-Ws
1095 2000 1321 2008 „xxm-Mdv„
1327 2002 1339 2008 Χ,
1347 2001 1365 2007 ι.

164 2002 193 2008 ’,Γ
199 2002 206 2007 s
213 2000 282 2008 „mx
288 2000 377 2008 »swam
472 2000 591 2007 mmm

243 2056 703 2097 ⁴6,4la=Di9.48,2,9
761 2056 774 2096 n
832 2057 1524 2098 46,45.45=Di9.48,4s,48,9.40
1572 2056 1586 2100 [ι

154 2103 619 2143 46,l7=Di9.2,42,110

151 2193 216 2200 -Μ
230 2193 394 2201 «ruzzxxxz
402 2194 411 2198 π
422 2194 429 2195 ff
443 2193 515 2200 zzz«
526 2193 725 2200 mamwm
738 2192 767 2200 :A
780 2193 970 2200 res-*vamur
978 2193 1079 2201 prs-xjx:
1092 2193 1563 2202 xxx*menfsuwxsalvament-fex«
1575 2195 1579 2197 -

241 2275 280 2303 ⁴0
306 2273 383 2304 inde
401 2281 421 2303 (ι
439 2270 454 2313 §
471 2274 504 2302 lt
528 2275 681 2311 eoepectes
698 2272 872 2302 rubricam
890 2271 933 2303 de
952 2272 1257 2304 accusationibus:
1279 2282 1355 2304 cum
1371 2276 1484 2305 tamen
1505 2274 1580 2304 Ius-

149 2319 270 2349 tiniani
294 2316 328 2359 ἐξ
357 2320 409 2349 15.
440 2320 480 2348 46
523 2318 621 2349 titulo
650 2317 693 2348 de
727 2317 998 2357 quaestionibus
1030 2319 1260 2357 subdiderint,
1304 2320 1432 2350 Paulus
1465 2319 1580 2350 titulos

156 2363 420 2404 Wisiyothorum
447 2365 591 2394 tlt—⁴6
625 2364 763 2394 uidetur
794 2364 893 2394 unico
919 2364 1015 2395 titulo
1040 2364 1084 2395 de
1109 2364 1381 2404 quaestionibus
1407 2363 1578 2395 habendis

148 2410 343 2448 complemus
360 2417 431 2440 esse
470 2408 483 2448 ΙΙ
527 2410 564 2438 ⁴2
585 2406 599 2449 §
620 2411 679 2439 lla
697 2409 729 2439 in
750 2408 826 2448 Diy.
850 2409 903 2445 48,
923 2410 956 2447 02,
978 2411 994 2439 8
1013 2410 1064 2441 his
1082 2411 1320 2441 continuatur.-
1344 2409 1580 2450 prohibentur

146 2463 316 2486 accusare
333 2454 392 2486 alii
411 2457 556 2495 propter
572 2462 696 2485 sexum
715 2453 771 2484 uel
790 2455 941 2485 aetatem
959 2455 1020 2486 rel.
1075 2454 1088 2495 ΙΙ
1146 2456 1184 2485 44
1205 2456 1232 2485 si
1251 2455 1402 2495 pecunia
1422 2454 1501 2485 data
1521 2455 1580 2484 iu-

148 2499 220 2531 dici
238 2500 275 2539 L,
295 2500 323 2531 si
342 2502 465 2541 postea
484 2500 564 2531 data
581 2509 599 2531 a
618 2499 727 2530 iudici
747 2499 785 2530 M
821 2499 835 2540 ll
877 2501 916 2530 23
943 2500 1135 2540 postulant-i
1157 2501 1336 2531 Mommsen
1377 2500 1389 2539 ΙΙ
1432 2502 1471 2530 26
1499 2508 1579 2530 om-

148 2546 203 2576 nis
222 2544 250 2575 F

1626 478 1645 505 5

1623 817 1664 845 40

1619 1102 1662 1131 45

1614 1387 1658 1415 20

1611 1670 1654 1700 25
