1966 3081
279 306 301 344 9

252 476 300 513 4Ο

251 590 293 627 44

253 931 301 970 ⁴2

253 1215 301 1253 43

236 1386 305 1424 ⁴3³

252 1500 300 1537 44

253 1898 302 1935 45

335 181 443 222 le.t
861 199 973 207 ——..
1033 177 1056 216 6
1117 199 1229 205 —-

330 306 532 344 minorum
575 305 681 343 inter
720 305 833 343 ciues
874 305 1073 342 Romanos
1115 314 1285 341 censum
1330 299 1642 352 profitebantur.
1710 301 1760 338 Vt

329 368 576 401 testamento
608 361 850 400 manumissi
883 360 1001 399 liberi
1033 361 1137 407 sint,
1176 360 1241 397 lex
1272 356 1492 397 duodecim
1523 356 1756 396 tabularum

330 418 439 467 facit
474 431 580 470 quae
612 418 824 457 contiimat
862 447 1022 456 .....

558 474 715 514 ‚hodie
748 481 884 514 autem
918 475 1004 526 ipso
1038 475 1127 512 iure
1161 471 1281 511 liheii
1315 478 1407 511 sunt
1438 483 1489 509 ex
1513 471 1601 522 lege
1624 470 1755 519 Iunia,

329 545 409 584 qua
442 507 531 584 lege
564 533 693 571 Latini
721 532 825 583 fiunt
858 531 1093 570 nominatim
1127 530 1237 568 inter
1267 529 1418 567 amicos
1450 527 1708 567 manumissi.

440 589 737 629 Dediticiorum
769 601 942 628 numero
974 593 1071 626 sunt.
1096 587 1167 638 qui
1189 598 1346 638 poenae
1369 597 1489 624 causa
1512 586 1640 624 uincti
1663 591 1761 623 sunt

327 659 349 684 a
381 645 559 695 domino,
595 645 805 698 quibusue
837 646 1024 696 stigmata
1046 644 1200 695 scripta
1224 642 1407 691 fuerunt,
1444 642 1568 693 quiue
1590 648 1761 693 propter

329 716 475 743 noxam
515 703 611 742 torti
642 709 924 753 nocentesque
960 702 1120 740 inuenti
1153 707 1268 739 sunt.
1311 700 1439 750 quiue
1472 698 1612 738 traditi
1644 707 1755 740 sunt.

328 767 372 799 ut
413 759 521 799 ferro
563 766 632 798 aut
674 772 766 799 cum
806 758 953 798 bestiis
993 757 1305 809 depugnarent,
1350 756 1413 795 uel
1445 757 1481 794 ιή
1517 756 1653 795 ludum
1692 756 1756 795 uei

327 817 556 856 custodiam
587 816 761 855 coniecti
794 815 976 865 fuerunt,
1012 813 1162 853 deinde
1187 825 1352 864 quoquo
1375 812 1494 852 modo
1516 814 1759 852 manumissi

329 881 448 913 sunt:
487 873 612 924 idque
646 874 713 912 lex
743 872 859 912 Aelia
891 873 1027 911 Sentia
1059 871 1168 910 facit.

443 930 596 969 Eadem
638 930 723 981 lege
765 936 932 969 cautum
972 935 1054 979 est⁷
1098 934 1143 967 ut
1184 928 1318 966 minor
1355 927 1523 977 triginta
1559 938 1759 965 annorum

328 1001 475 1027 seruus
506 987 692 1027 uindicta
725 987 1006 1026 manumissus
1046 986 1151 1024 ciuis
1182 985 1389 1023 Romanus
1427 996 1508 1022 non
1547 984 1638 1022 fiat.
1682 984 1761 1021 nisi

328 1043 439 1096 apud
472 1044 686 1083 consilium
719 1056 841 1083 causa
872 1043 1044 1095 probata
1071 1041 1218 1082 fuerit:
1256 1040 1348 1080 ideo
1375 1041 1464 1080 sine
1487 1041 1653 1079 consilio
1675 1052 1764 1078 ma-

329 1102 560 1141 numissum
585 1101 773 1140 Caesaris
804 1113 975 1139 seruum
1007 1111 1176 1138 manere
1207 1105 1338 1150 putat.
1393 1104 1642 1137 testamento
1664 1110 1764 1136 uero

330 1159 630 1198 manumissum
660 1157 837 1210 perinde
871 1157 1014 1196 haberi
1046 1155 1175 1204 iubet.
1210 1163 1336 1207 atque
1369 1155 1403 1193 si
1433 1154 1590 1194 domini
1614 1154 1764 1194 uolun-

329 1221 409 1254 tate
442 1217 483 1253 in
515 1215 706 1254 libertate
739 1221 861 1263 esset,
900 1213 1076 1266 ideoque
1100 1214 1269 1252 Latinus
1292 1212 1350 1250 fit.
1404 1211 1557 1251 Eadem
1581 1212 1648 1251 lex
1670 1224 1763 1251 eum

330 1271 557 1312 dominum.
595 1273 666 1323 qui
699 1273 834 1310 minor
864 1272 1015 1323 uiginti
1041 1283 1244 1310 annorum
1269 1276 1342 1318 est,
1379 1268 1571 1320 prohihet
1595 1281 1763 1307 seruum

332 1330 646 1379 manumittere,
687 1341 751 1381 pl
740 1335 980 1380 aeteiquam
1013 1329 1047 1367 si
1079 1339 1246 1367 causam
1278 1325 1387 1377 apud
1419 1326 1635 1365 consilium
1668 1338 1766 1377 pro-

330 1386 505 1426 bauerit.
569 1387 614 1425 In
646 1386 815 1425 consilio
846 1392 983 1425 autem
1016 1384 1270 1424 adhibentur
1301 1384 1447 1422 Romae
1470 1383 1666 1447 quinque
1698 1394 1766 1421 se-

329 1450 493 1482 natores
533 1449 571 1482 et
615 1444 802 1494 quinque
843 1444 1006 1507 equites
1037 1442 1231 1480 Romani.
1276 1441 1317 1478 in
1359 1440 1586 1504 piouineizs
1618 1440 1762 1491 uiginti

331 1501 628 1551 r'eczperatores
668 1501 782 1539 ciues
812 1500 997 1538 Romani.
1062 1498 1126 1537 Ab
1168 1511 1214 1537 eo
1254 1497 1420 1536 domino
1459 1498 1530 1548 qui
1568 1495 1765 1535 soluendo

331 1569 410 1596 non
448 1563 509 1595 est
549 1569 697 1596 seruus
737 1563 984 1596 testamento
1025 1555 1133 1595 liber
1173 1567 1263 1594 esse
1305 1556 1442 1593 iussus
1474 1561 1510 1592 et
1546 1554 1669 1592 heres
1700 1554 1767 1592 in—

330 1615 514 1663 stitutus7
550 1620 586 1652 et
621 1615 654 1653 si
687 1615 821 1652 minor
851 1614 901 1652 sit
935 1614 1104 1665 triginta
1136 1612 1256 1652 annis
1287 1611 1357 1650 nel
1388 1612 1430 1650 in
1463 1623 1509 1650 ea
1542 1622 1663 1650 causa
1695 1611 1760 1649 sit.

329 1677 374 1709 ut
405 1670 629 1710 deditieius
662 1671 751 1710 fieri
784 1670 956 1719 debeat,
1000 1671 1104 1709 ciuis
1135 1670 1341 1708 Romanus
1381 1675 1419 1707 et
1462 1668 1584 1706 heres
1609 1666 1682 1719 fit:

330 1734 466 1767 tamen
509 1728 614 1766 alius
655 1740 706 1766 ex
746 1741 792 1766 eo
834 1734 1078 1766 testamento
1117 1739 1238 1765 nemo
1279 1727 1400 1765 heres
1443 1726 1509 1764 sit.
1580 1723 1691 1776 quod
1731 1724 1763 1763 si

330 1784 410 1823 duo
441 1784 640 1836 pluresue
673 1783 795 1822 liberi
830 1785 1088 1834 here-desque
1122 1796 1211 1822 esse
1244 1784 1344 1821 iussi
1377 1783 1473 1830 sint,
1516 1782 1650 1833 primo
1683 1782 1766 1819 loco

331 1842 510 1893 scriptus
542 1840 650 1879 liber
681 1848 717 1880 et
752 1842 876 1880 heres
908 1842 966 1879 fit.
1003 1840 1114 1891 quod
1146 1847 1183 1879 et
1218 1841 1353 1891 ipsum
1386 1839 1451 1878 lex
1482 1838 1595 1877 Aelia
1631 1838 1762 1876 Sentin

331 1897 441 1937 facit.
505 1897 660 1937 Eadem
700 1899 766 1936 lex
807 1899 846 1937 in
885 1897 1068 1937 fraudem
1102 1896 1319 1936 creditoris
1351 1903 1387 1935 et
1422 1896 1585 1946 patroni
1619 1907 1766 1934 manu-

330 1955 496 1994 mittere
528 1954 737 2006 prohihet.

422 2118 438 2146 3
455 2118 531 2154 post
550 2114 735 2145 confirmat
756 2116 787 2145 in
812 2114 836 2146 C
852 2118 1088 2153 sequantui-p.
1111 2116 1141 2146 5.
1165 2116 1287 2148 2-43,
1308 2113 1349 2152 cf.
1368 2112 1481 2152 praef.
1501 2114 1700 2144 sententiam
1719 2113 1767 2143 sic

329 2161 401 2200 sere
418 2161 558 2199 expleas
581 2169 671 2200 quae
691 2159 879 2191 confirmat
897 2169 937 2191 ea
956 2169 1047 2200 quae
1066 2161 1213 2190 testator
1229 2159 1274 2190 de
1292 2159 1366 2190 suis
1385 2158 1492 2190 rebus
1510 2158 1726 2199 disposuerit
1755 2155 1769 2199 {l

332 2208 348 2236 4
376 2207 472 2238 initio
497 2204 512 2246 §
533 2208 572 2235 40
593 2206 674 2237 talia
692 2206 764 2245 sere
783 2207 1047 2236 interciderunt:
1074 2206 1134 2245 qui
1153 2214 1223 2236 non
1243 2205 1399 2245 legitime
1418 2204 1629 2236 manumissi
1649 2205 1762 2234 erant.

331 2251 392 2283 sed
420 2251 516 2282 nuda
541 2251 770 2282 dominorum
797 2251 982 2282 uoluntate
1008 2250 1171 2282 libertate
1199 2250 1318 2282 donati
1346 2252 1466 2287 erant,
1503 2249 1589 2280 olim
1619 2248 1762 2289 quidem

331 2299 425 2328 serui
453 2296 704 2333 remanebant,
733 2299 876 2337 praetor
900 2299 1018 2327 autem
1046 2305 1106 2328 eos
1133 2297 1166 2327 in
1195 2296 1369 2327 libertatis
1386 2296 1613 2336 possessione
1639 2292 1766 2325 tueba-

332 2345 389 2374 tur
425 2341 438 2384 ΙΙ
477 2345 495 2373 5
523 2341 622 2382 fiunt]
643 2344 725 2373 sunt
747 2341 771 2374 C
809 2340 822 2382 ΙΙ
862 2343 1072 2373 nominatim
1091 2342 1200 2382 Huyo,
1229 2342 1424 2373 nominati*
1447 2341 1488 2373 Ca
1506 2340 1667 2379 ifortasse
1683 2340 1767 2370 nihil

330 2389 426 2419 aliud
448 2389 515 2419 m‘si
538 2389 820 2427 interpunctionis
845 2389 979 2428 siynum
1004 2396 1141 2418 erasum
1167 2391 1215 2419 est
1276 2384 1289 2428 ΙΙ
1337 2390 1354 2417 7
1389 2385 1567 2427 quibusue
1601 2385 1763 2425 stigmata

335 2434 505 2469 Cuiacius
525 2433 657 2474 quibus
674 2434 824 2470 uestifvia
847 2433 871 2464 C
893 2430 905 2475 ΙΙ
931 2434 1100 2473 inscium
1124 2432 1198 2464 Gai.
1226 2437 1252 2466 1
1279 2432 1524 2471 !5.(·f.tc1-men
1547 2430 1762 2469 Quinctilian

329 2482 362 2515 7
385 2483 417 2517 l,
439 2483 479 2510 14
526 2477 539 2520 ΙΙ
585 2480 693 2519 quiue
720 2478 902 2519 schillinq
931 2479 990 2519 qui
1022 2478 1046 2510 C
1091 2478 1103 2519 Η
1152 2482 1168 2509 9
1196 2479 1252 2510 uel
1281 2479 1313 2509 in
1340 2477 1465 2509 ludum
1492 2485 1556 2507 om
1581 2476 1624 2510 C.
1652 2476 1761 2515 suppl.

331 2524 495 2564 Schilliny
513 2534 557 2556 επ
577 2524 662 2557 Gaio
681 2527 775 2561 1,13
798 2522 810 2565 ΙΙ
837 2527 871 2554 44
903 2524 970 2555 alia
989 2524 1114 2563 sentia}
1135 2525 1232 2555 ascia
1255 2523 1279 2555 C
1301 2522 1314 2565 ΙΙ
1340 2526 1379 2554 42
1400 2523 1511 2561 legem
1535 2522 1559 2553 C
1581 2519 1593 2563 ΙΙ
1619 2523 1657 2551 il·
1679 2530 1766 2553 con—

330 2571 450 2601 sitium
473 2569 497 2602 C
519 2569 533 2613 ΙΙ
557 2573 597 2602 45
617 2571 772 2602 caesaris
793 2569 827 2607 C
851 2570 903 2601 lex
919 2570 1015 2601 Aelia
1031 2571 1149 2601 sentia
1167 2570 1281 2605 Hertz,
1303 2562 1446 2601 Cassius
1462 2568 1588 2598 Puchta
1612 2566 1625 2608 ΙΙ
1649 2570 1690 2598 20
1707 2576 1766 2598 ro-

332 2617 425 2647 mani
449 2615 473 2647 C
502 2614 514 2657 ΙΙ
544 2617 580 2646 24
605 2616 791 2657 prouincia
815 2615 839 2647 C
869 2613 881 2656 ΙΙ
914 2617 955 2645 22
976 2616 1233 2656 receperatoris
1256 2615 1280 2647 C
1302 2612 1314 2655 ΙΙ
1339 2613 1535 2646 soluendus
1557 2612 1582 2645 C
1607 2611 1620 2653 ΙΙ
1652 2615 1692 2644 23
1714 2615 1766 2643 te-

331 2662 495 2747 star'nenti
524 2662 548 2694 C
585 2659 597 2703 Η
638 2662 865 2693 institumtus
888 2660 928 2693 C*
966 2658 978 2702 ΙΙ
1020 2663 1059 2691 25¹»
1087 2660 1134 2699 fit]
1161 2662 1202 2691 sit
1226 2659 1250 2692 C
1287 2658 1299 2702 Η
1339 2662 1379 2690 28
1407 2660 1494 2691 aelia
1515 2658 1640 2697 sentia}
1669 2659 1763 2690 ascia

336 2706 360 2738 C
406 2705 410 2746 Ι
450 2709 489 2737 29
519 2707 641 2738 fraude
667 2707 691 2739 C

1786 534 1803 563 5

1789 821 1827 849 40

1792 1105 1831 1134 45

1792 1389 1831 1419 20

1730 1669 1762 1706 si
1791 1674 1832 1704 25

1791 1960 1831 1989 30
