1942 3081
249 345 300 383 46

248 631 297 669 47

328 106 614 138 nostiam-¹7
832 129 946 135 ——
1009 108 1086 146 156
1146 130 1260 136 -

329 232 460 280 enim,
495 231 663 283 quando
695 233 874 284 epistula
905 234 1126 273 scribitur.
1160 232 1349 272 adhiberi
1379 233 1666 272 auctoritatem
1698 239 1766 272 tu-

327 289 428 327 toris
445 303 450 326 :
476 289 595 328 cuius
605 291 811 328 sententia
824 297 864 329 et
881 290 1175 329 constitutione
1189 290 1414 341 principali
1427 290 1666 329 confirmata
1684 297 1760 329 est.

442 346 619 385 Seruum
650 348 811 398 pignori
842 346 984 386 datum
1016 348 1151 386 ciuem
1174 348 1400 386 Romanum
1435 346 1570 386 facere
1601 347 1765 386 debitor

328 415 409 441 non
433 409 589 454 potest.
616 405 696 442 nisi
719 404 753 442 si
776 403 879 443 forte
902 404 1098 443 soluendo
1120 417 1202 443 non
1224 405 1299 443 sit:
1336 404 1471 443 obstat
1503 405 1614 443 enim
1637 404 1765 443 liber-

328 460 399 498 tati
422 459 491 498 lex
510 460 625 500 Aelia
648 461 814 511 Sentia,
847 473 954 512 quae
986 468 1097 500 uetat
1130 474 1300 500 seruum
1318 461 1649 513 si·(1mlc1ndorunt
1672 474 1765 500 cre-
1791 469 1805 497 τ

327 516 507 556 ditorum
541 530 661 557 causa
689 519 990 558 manumissum
1021 519 1155 558 ciuem
1178 519 1407 558 Romanum
1440 519 1544 558 fieri.
1592 517 1667 558 sed
1690 520 1765 558 La-

326 581 461 613 tinum
488 606 647 613 .....

441 632 489 670 Et
511 633 583 682 qui
606 644 730 670 censu
754 632 1074 681 manumittitur,
1111 632 1144 670 si
1166 632 1337 684 triginta
1359 646 1489 671 annos
1512 631 1677 681 habeat,
1705 634 1766 673 ci-

270 694 273 695 ’
326 689 496 727 uitatem
520 690 743 727 Romanam
765 689 1031 728 nanciscitur.
1085 701 1234 728 census
1267 696 1405 728 autem
1427 691 1578 729 Romae.
1610 691 1675 741 agi
1698 702 1765 729 so-

327 746 380 783 let
400 750 435 784 et
446 751 607 796 peracto
625 758 753 785 censu
770 746 945 785 lust-rum
963 744 1178 784 conditur:
1207 753 1267 785 est
1285 754 1423 785 autem
1442 747 1619 786 lustrum
1638 748 1765 798 quin-

326 802 535 853 quennale
557 810 738 854 tempus,
766 815 846 854 quo
868 804 994 842 Roma
1018 803 1231 842 lustratur.
1281 803 1354 842 sed
1377 803 1505 843 debet
1527 804 1593 842 hic
1615 817 1763 843 seruus

326 872 377 898 ex
399 860 491 898 iure
515 860 739 906 Quiritium
762 861 1078 899 manumissoris
1100 873 1213 911 esse,
1249 867 1293 899 ut
1323 861 1425 900 ciuis
1447 861 1654 900 Romanus
1677 861 1758 900 fiat.

327 929 473 967 magna
504 923 643 956 autem
675 916 881 956 dissensio
913 924 975 957 est
1007 919 1116 956 inter
1142 918 1310 969 peritos7
1345 924 1485 957 utrum
1509 931 1555 957 eo
1577 924 1763 970 tempore

324 975 439 1012 uires
460 974 665 1025 accipiant
687 975 838 1023 omnia⁷
875 987 948 1027 quo
973 976 1009 1013 in
1035 987 1164 1014 censu
1187 980 1379 1027 ayuntur,
1414 987 1463 1014 an
1497 988 1545 1014 eo
1576 982 1763 1027 tempore

324 1043 398 1082 quo
430 1031 609 1070 lustrum
641 1031 851 1071 conditur.
910 1039 1007 1071 sunt
1040 1033 1151 1070 enim
1186 1033 1257 1083 qui
1290 1033 1529 1071 existimant
1560 1045 1642 1071 non
1665 1033 1765 1072 alias

323 1088 438 1127 uires
459 1089 650 1140 accipere
675 1101 782 1140 quae
808 1090 848 1128 in
872 1102 1000 1129 censu
1021 1096 1216 1140 aguntur,
1252 1090 1334 1128 nisi
1367 1089 1467 1129 haec
1498 1089 1588 1129 dies
1612 1102 1765 1141 sequa—

419 1228 429 1255 4
462 1224 618 1266 quando]
644 1235 715 1266 quo
748 1223 788 1257 Γ1
814 1227 921 1257 altero
946 1226 1016 1257 loco
1071 1226 1084 1266 ΙΙ
1147 1226 1317 1259 adhibere
1342 1228 1553 1258 auctoritate
1586 1224 1626 1257 Γ1
1656 1228 1764 1259 altero

325 1272 395 1302 loco
447 1271 459 1311 ΙΙ
514 1273 531 1301 2
559 1272 766 1303 constitutio
792 1273 819 1302 Γ
866 1271 879 1311 ll
935 1272 1125 1313 principali
1144 1272 1308 1310 Huschke,
1330 1273 1559 1314 imperatoria
1581 1274 1684 1305 ‘-riae
1709 1270 1759 1311 ΓΙ]

323 1327 589 1360 αυτοκρατορικη
608 1318 737 1348 codices
776 1318 789 1357 ΙΙ
830 1317 1039 1349 confirmata
1064 1319 1090 1348 Γ
1106 1318 1207 1356 ΡὶίΙι.,
1229 1318 1478 1350 confirmatum
1498 1319 1521 1350 S
1572 1318 1585 1358 ΙΙ
1643 1322 1659 1349 3
1687 1328 1764 1350 ser-

321 1371 409 1394 uum
429 1364 464 1400 S,
486 1364 514 1394 si
533 1371 679 1394 seruum
705 1364 729 1393 Γ
765 1363 778 1403 ll
817 1364 956 1404 pigneri
977 1364 999 1394 S
1039 1363 1053 1403 H
1094 1373 1325 1395 romanorum
1351 1361 1516 1396 1'1alcero
1534 1365 1604 1396 Ioco
1642 1364 1655 1404 ΙΙ
1697 1364 1762 1396 do-

322 1407 417 1439 bitor
435 1407 549 1439 facere
569 1405 603 1440 Sl
622 1411 740 1440 contra
761 1409 847 1440 Pith.
883 1408 895 1448 Η
930 1410 945 1439 4
963 1412 1039 1448 post
1055 1411 1169 1450 potest
1187 1410 1259 1449 fere
1277 1418 1353 1441 cum
1368 1410 1584 1450 Dernburgye'o
1601 1411 1763 1450 supplen-

322 1455 403 1485 dum
419 1455 555 1485 uidetur
572 1454 729 1493 generali
747 1454 947 1495 hypotheca
963 1454 1158 1495 obligatum
1172 1457 1285 1496 potest
1320 1455 1333 1495 ΙΙ
1365 1457 1394 1487 si
1415 1464 1478 1486 om.
1499 1456 1642 1487 i'altero
1657 1457 1726 1487 loco
1751 1454 1763 1498 Η

322 1498 413 1531 forte
428 1508 491 1530 om.
512 1498 589 1531 VgS
620 1500 634 1540 11
667 1500 842 1531 soluendo
862 1501 1030 1537 Pithoeus,
1052 1501 1266 1532 soluendum
1285 1511 1368 1545 προσ
1385 1499 1542 1533 αποδοσιν
1562 1502 1597 1541 S,
1617 1501 1662 1533 ad
1680 1501 1761 1533 red-

322 1545 482 1576 dendum
506 1545 613 1582 (cred.
639 1546 664 1577 V
677 1547 786 1578 altero
802 1547 882 1581 loco}
906 1556 991 1588 προσ
1009 1544 1166 1578 αποδοσιν
1187 1547 1214 1577 Γ
1241 1546 1254 1586 u
1287 1547 1383 1578 enim
1400 1556 1464 1578 om.
1491 1547 1518 1577 Γ
1545 1547 1558 1586 ΙΙ
1599 1547 1762 1579 libertate

329 1588 370 1621 1'1
389 1592 497 1623 altero
515 1592 584 1622 loco
624 1591 637 1631 11
678 1594 695 1622 5
715 1592 784 1623 alia
803 1593 977 1623 sententia
1001 1589 1042 1623 Vl
1074 1592 1087 1632 ΙΙ
1121 1601 1212 1633 quae
1231 1601 1295 1625 om.
1319 1593 1345 1623 Γ
1373 1592 1386 1632 ΙΙ
1427 1594 1523 1624 uetat
1541 1593 1577 1631 S,
1596 1593 1760 1634 prohibet

824 1647 854 1669 F·
875 1646 906 1669 c·

328 1684 355 1713 i·
403 1683 416 1722 ll
469 1681 581 1714 fraud.
605 1682 716 1722 cred-i
740 1682 1005 1715 foeneratorum
1025 1684 1059 1722 S,
1090 1684 1309 1715 creditorum
1335 1685 1368 1723 Γ,
1389 1684 1652 1716 foeneratorum
1672 1685 1757 1716 pith.

321 1730 353 1760 in
374 1730 529 1769 margine
546 1729 714 1759 adnotans
733 1727 890 1760 δανιστων
909 1727 984 1760 &tm
1003 1740 1032 1760 r·
1054 1739 1084 1761 c·
1115 1729 1148 1760 id
1168 1732 1221 1761 est
1239 1729 1520 1761 fraudandorum
1541 1730 1758 1762 creditorum

320 1777 358 1805 ut
379 1775 413 1804 in
432 1774 454 1805 l.
478 1778 508 1805 8.
531 1775 568 1805 D.
590 1774 650 1814 qui
669 1777 702 1805 et
720 1783 738 1805 a
757 1775 856 1815 quib.
878 1784 946 1806 ma.
990 1775 1003 1814 {l
1045 1778 1062 1806 6
1090 1775 1152 1807 sed
1171 1775 1332 1815 latinum]
1361 1777 1601 1807 desiderantur
1616 1775 1689 1815 fere
1706 1779 1760 1807 ta-

320 1821 367 1851 lia
386 1819 460 1851 fore
479 1819 599 1851 debito
619 1819 736 1851 soluto
756 1829 825 1851 non
843 1820 1037 1861 ambigitur
1099 1821 1112 1861 {l
1176 1823 1193 1851 8
1221 1823 1254 1852 et
1275 1830 1342 1852 non
1359 1822 1482 1853 habere
1499 1830 1563 1861 quo
1580 1830 1615 1852 se
1632 1821 1761 1860 reserat

321 1868 585 1897 consentaneum
599 1868 647 1896 est
660 1877 667 1895 .·
684 1867 761 1906 sieri
778 1869 887 1897 tamen
906 1870 1025 1905 potest,
1044 1869 1081 1898 ut
1099 1868 1309 1898 interciderit
1327 1876 1366 1898 ea
1380 1875 1478 1906 pam,
1497 1876 1563 1906 qua
1582 1868 1622 1898 de
1634 1876 1761 1899 manu-

318 1912 479 1942 missione
495 1912 645 1942 uindicta
664 1915 826 1951 ageretur
857 1911 870 1951 l}
905 1913 938 1942 in
958 1921 1108 1943 censum
1126 1913 1254 1944 codices
1287 1912 1300 1951 Η
1333 1913 1597 1944 manumittitur
1613 1913 1639 1943 Γ
1656 1913 1757 1952 pith„

321 1957 624 1988 manumittuntur
643 1956 666 1987 S
713 1957 726 1997 ΙΙ
776 1958 920 1989 ciuitate
939 1967 1084 1989 romana
1102 1959 1263 1999 pascitur
1292 1959 1437 1999 [potitur
1454 1960 1489 1989 in
1505 1960 1661 1999 maryine
1674 1967 1759 1998 pro—

316 2005 450 2041 ponunt
470 2002 492 2033 S
510 2005 540 2033 et
560 2003 725 2039 Pithoeus]
758 2003 792 2041 S,
821 2004 1004 2035 ciuitatem
1032 2003 1389 2035 (administrationem
1410 2005 1518 2035 altero
1535 2005 1613 2035 Ioco}
1638 2013 1759 2036 roma-

321 2057 450 2079 norum
468 2048 627 2089 possidet
650 2049 676 2079 Γ
703 2048 717 2088 ΙΙ
751 2051 768 2079 9
788 2052 906 2080 autem
932 2050 966 2087 Γ,
986 2051 1104 2081 tamen
1125 2050 1149 2081 S
1188 2049 1201 2089 ΙΙ
1242 2058 1364 2081 romae
1383 2049 1418 2087 S,
1440 2051 1474 2081 in
1493 2059 1592 2081 roma
1613 2050 1760 2082 l'allero

319 2094 402 2131 loco,
424 2093 519 2135 apud
538 2102 675 2125 romam
701 2095 727 2124 Γ
742 2095 849 2126 altero
866 2096 936 2126 Ioco
984 2095 997 2134 ΙΙ
1051 2098 1090 2126 40
1111 2097 1144 2126 et
1161 2097 1306 2136 peracto
1326 2104 1436 2127 censu
1454 2095 1605 2127 lustrum
1624 2097 1758 2135 scripsi,

321 2140 355 2170 in
380 2139 424 2177 (in
443 2148 506 2170 om.
529 2140 631 2178 Pith.)
653 2148 782 2171 census
801 2143 918 2172 autem
939 2141 1049 2172 lustro
1067 2150 1202 2184 τιμησισ
1222 2152 1334 2183 μεντοι
1354 2139 1407 2184 (δη
1428 2142 1527 2181 Pith.)
1547 2138 1716 2183 καθαρμω
1736 2142 1759 2172 S

321 2185 425 2223 pith,
445 2185 503 2216 uel
523 2194 653 2216 census
671 2185 784 2217 lustro
801 2197 822 2229 η
842 2196 1046 2230 αποτιμηςισ
1062 2184 1230 2230 καθαρμω
1255 2188 1283 2217 Γ
1317 2186 1331 2226 ΙΙ
1380 2189 1415 2217 44
1447 2196 1517 2227 quo
1536 2196 1635 2218 roma
1655 2187 1757 2225 Pith„

318 2231 379 2271 qui
400 2239 499 2262 roma
519 2241 557 2262 ιω
577 2240 674 2273 ρωμη
699 2232 733 2270 Γ,
761 2241 915 2272 quorum
934 2244 960 2263 ω
980 2242 1078 2275 ρωμη
1099 2232 1122 2263 S
1177 2233 1190 2272 ΙΙ
1246 2233 1418 2264 lustratur
1435 2232 1471 2270 S,
1496 2235 1669 2273 purgatur
1688 2233 1715 2263 Γ
1747 2232 1751 2275 Ι

321 2276 382 2308 sed
403 2301 409 2306 .
434 2301 440 2307 .
465 2301 471 2307 .
495 2279 533 2307 42
563 2276 619 2307 fiat
646 2280 723 2308 ante
741 2279 759 2307 9
780 2286 910 2309 census
926 2282 1016 2310 recte
1034 2280 1245 2317 transposuit
1266 2278 1432 2318 Boeokiny
1485 2277 1498 2318 11
1556 2280 1596 2308 42
1621 2278 1758 2318 quiria-

320 2324 408 2353 tium
435 2319 473 2353 Vl
525 2322 538 2361 11
591 2323 864 2354 manumissoris
891 2324 1101 2362 Lachmann,
1126 2324 1411 2355 manumittentis
1434 2321 1694 2366 ελευθερουντοσ
1720 2324 1754 2361 S,

320 2368 556 2399 manumissio
573 2378 595 2410 η
613 2365 786 2410 ελευθερια
807 2369 834 2399 Γ
869 2369 882 2408 {l
919 2372 994 2408 post
1012 2370 1071 2400 fiat
1088 2371 1120 2400 in
1148 2370 1173 2400 Γ
1187 2371 1404 2408 iterantur-p.
1429 2371 1505 2407 ⁴55,
1527 2371 1566 2399 47
1587 2368 1759 2401 scribitur

321 2439 328 2445 .
352 2439 359 2445 .
384 2438 389 2444 .
413 2416 489 2452 456,
515 2415 552 2444 40
574 2413 742 2445 conditur
795 2413 808 2453 ΙΙ
864 2414 921 2445 fiat
947 2416 980 2452 Γ,
1009 2415 1083 2446 tieri
1101 2416 1211 2456 possit
1232 2415 1256 2446 S
1307 2414 1320 2454 ΙΙ
1375 2418 1412 2446 43
1439 2416 1560 2446 autem
1585 2415 1618 2453 Γ,
1639 2417 1756 2446 tamen

321 2459 345 2490 S
385 2460 397 2499 ΙΙ
438 2461 491 2491 est
508 2468 572 2490 om.
595 2460 618 2490 S
658 2458 671 2498 ΙΙ
711 2460 845 2500 peritos
870 2460 903 2494 Γ,
924 2460 1119 2501 prudentes
1137 2461 1161 2491 S
1199 2461 1213 2501 Η
1253 2470 1295 2492 eo
1314 2460 1349 2499 S,
1371 2460 1438 2491 hoc
1462 2460 1488 2491 Γ
1530 2460 1543 2500 11
1594 2462 1631 2490 44
1660 2462 1758 2492 acci-

319 2506 422 2545 piunt
446 2505 472 2536 V
516 2505 529 2544 ΙΙ
577 2514 647 2546 quo
667 2505 701 2535 in
721 2513 830 2536 censu
848 2508 1002 2545 aguntur
1018 2507 1152 2545 scripsi,
1181 2507 1215 2537 in
1233 2515 1304 2546 quo
1324 2514 1454 2538 census
1470 2507 1600 2537 codices
1647 2507 1660 2546 ΙΙ
1712 2516 1755 2538 an

319 2560 360 2581 eo
381 2551 482 2587 pith„
510 2552 568 2582 aut
587 2552 620 2581 in
639 2560 680 2582 eo
707 2552 835 2582 codices
883 2551 896 2590 ΙΙ
948 2554 986 2581 45
1014 2552 1047 2582 in
1065 2561 1135 2592 quo
1159 2553 1288 2583 codices
1335 2552 1348 2591 Η
1396 2553 1476 2582 sunt
1498 2575 1504 2581 .
1527 2576 1533 2582 .
1558 2576 1565 2583 .
1582 2560 1618 2591 p.
1639 2554 1716 2584 457,
1739 2555 1750 2583 4

318 2596 486 2627 conditur
503 2604 565 2627 om.
585 2598 609 2627 S
648 2596 661 2634 ΙΙ
705 2599 743 2627 46
771 2596 857 2629 haec
875 2597 952 2628 dies
969 2600 1139 2638 sequatur
1155 2606 1225 2637 quo
1244 2607 1327 2640 αυτπ,
1344 2608 1457 2640 ημερα
1475 2594 1684 2640 ακολουθησι
1702 2608 1757 2629 οτε

321 2643 374 2681 (=
395 2643 515 2673 secuta
535 2642 578 2673 sit
595 2650 685 2679 cum
720 2643 745 2671 Γ

1792 754 1830 783 40

1792 1041 1831 1069 45
