1942 3081
714 143 827 150 —-
894 121 966 158 157
1027 143 1140 150 ——
1364 120 1638 161 Dosithl'apin.

211 252 291 295 tur,
319 258 404 297 qua
426 247 602 285 lustrum
625 245 839 285 conditur:
876 246 1114 284 existimant
1137 247 1249 283 enini
1271 258 1440 283 consum
1464 245 1643 284 descen-

210 302 308 342 dere
330 302 381 341 ad
404 303 512 341 diem
537 304 654 342 lustri
673 334 681 351 ,
716 315 796 341 non
827 303 1005 341 lustrum
1030 314 1246 341 recurrere
1268 301 1319 340 ad
1341 301 1450 340 diem
1474 315 1636 341 census.

209 358 319 410 quod
339 359 431 398 ideo
449 360 681 411 quaesitum
700 365 776 409 est7
792 360 986 410 quoniam
999 360 1135 397 omnia
1147 359 1299 410 quaein
1318 371 1445 397 censu
1462 366 1641 409 aguntur

212 417 339 455 lustro
371 418 683 455 confirmantur.
737 415 811 455 sed
843 417 885 454 in
916 415 1019 455 urbe
1042 416 1172 454 Roma
1197 422 1357 453 tantum
1381 428 1549 453 censum
1573 416 1636 465 agi

209 480 350 512 notum
375 481 458 512 est:
488 475 527 512 in
553 473 777 524 prouinciis
798 479 936 512 autem
955 473 1084 524 magis
1099 470 1430 523 professionibus
1448 478 1634 510 utuntur.
1667 479 1683 506 5

610 665 859 704 PAPINIANI
892 664 1237 704 FRAGMENTVM

321 745 535 796 Papiniani
559 745 630 785 lib.
657 746 670 783 1
702 757 994 797 responsorum
1031 744 1058 796 [l
1082 744 1133 784 de
1157 745 1288 796 pactis
1312 745 1418 782 inter
1438 744 1576 783 uirum
1602 750 1639 782 et

206 801 413 853 uxorem}
469 803 578 841 inter
607 803 745 841 uirum
778 809 817 840 et
847 815 1019 841 uxorem
1052 808 1168 853 pacta
1200 814 1281 840 non
1314 802 1445 840 solum
1477 800 1636 850 uerbis,

207 858 280 898 sed
304 864 343 898 et
364 859 577 898 uoluntate
600 859 935 898 contrahentium
957 860 1280 907 constituuntur⁷
1307 865 1353 897 ut
1374 864 1524 896 neuter
1541 870 1640 896 con-

208 917 348 968 iugum
373 916 440 954 fiat
464 916 718 968 locupletior.
1670 934 1704 959 :0

376 1000 453 1034 Hoc
484 1000 674 1045 Papiniani
715 999 966 1044 fragmentum
1007 999 1121 1033 tinem
1154 998 1238 1033 facit
1271 998 1361 1042 legis
1393 998 1580 1034 Romanae

264 1056 584 1101 wisigothorum:
624 1055 810 1091 rubricam
844 1057 862 1090 I
891 1056 935 1090 de
961 1058 1085 1102 pactis
1111 1062 1183 1091 etc.
1219 1067 1237 1089 a
1260 1055 1479 1099 wisigothis
1510 1055 1581 1090 ad-

266 1114 399 1148 iectam
421 1123 505 1148 esse
528 1118 672 1158 putem.

218 1323 417 1364 VLPIANI
448 1325 840 1365 INSTITVTIONVM
870 1324 1180 1364 FRAGMENTA
1210 1323 1623 1364 VINDOBONENSIA

375 1409 518 1453 leiani
541 1409 820 1444 Institutionum
843 1409 1073 1453 fragmentis,
1099 1418 1197 1452 quae
1215 1407 1251 1442 in
1270 1407 1474 1442 Collatione
1491 1413 1528 1443 et
1543 1409 1580 1443 in

262 1466 453 1501 Iustiniani
476 1466 636 1509 Digestis
657 1464 1038 1510 Institutionibusque
1060 1468 1208 1508 extant,
1236 1474 1333 1499 anno
1362 1467 1464 1500 4835
1487 1465 1580 1500 laci-

263 1522 345 1557 niae
369 1523 556 1567 quaedam
579 1521 626 1557 ab
643 1522 870 1557 Endlichero
895 1524 928 1557 in
945 1521 1177 1558 bibliotheca
1193 1532 1368 1556 caesarea
1386 1521 1580 1557 Vindobo—

263 1580 368 1614 nensi
391 1585 565 1623 repertae
587 1584 843 1623 accesserunt,
881 1590 979 1624 quae
1004 1579 1116 1614 hodie
1140 1579 1174 1613 in
1196 1578 1328 1613 eadem
1351 1577 1579 1615 bibliotheca

262 1634 333 1671 sub
350 1638 455 1681 signo
478 1636 569 1671 Cod.
591 1636 670 1671 Lat.
700 1639 709 1671 l
740 1636 1006 1672 adseruantur.
1052 1636 1218 1681 primum
1235 1635 1334 1670 enim
1352 1636 1387 1669 in
1405 1635 1463 1670 his
1491 1636 1579 1671 laci-

261 1693 331 1727 niis
352 1693 515 1729 duorum
538 1693 712 1729 soliorum
737 1694 833 1728 inter
853 1703 893 1728 se
917 1694 1199 1729 cohaerentium
1222 1703 1310 1736 pars
1332 1690 1489 1728 inferior
1511 1703 1579 1727 ex-

261 1755 310 1785 tat
336 1751 371 1784 in
394 1754 470 1785 tres
492 1750 694 1785 schedulas
716 1750 891 1791 dissecta,
919 1761 1016 1795 quae
1039 1754 1192 1794 praeter
1213 1750 1400 1793 margines
1422 1754 1579 1785 octonos

262 1817 400 1842 uersus
430 1807 583 1843 ultimos
608 1811 790 1852 quattuor
809 1808 1030 1853 paginarum
1054 1806 1222 1842 exhibet.
1276 1806 1370 1841 haec
1395 1806 1470 1841 duo
1492 1807 1578 1841 folia

260 1864 346 1900 olim
368 1875 443 1900 non
465 1866 645 1900 continuo
667 1865 715 1899 ita
738 1865 824 1900 olim
846 1874 886 1899 se
909 1865 1103 1909 excepisse
1118 1893 1126 1907 ,
1154 1869 1195 1898 ut
1217 1864 1389 1898 intimum
1411 1863 1575 1898 fasciculi

262 1931 329 1964 par
350 1920 526 1956 soliorum
549 1920 756 1965 efficerent,
783 1926 917 1966 quarta
939 1922 1070 1958 lacinia
1093 1921 1264 1956 eiusdem
1286 1920 1426 1955 codicis
1448 1925 1577 1956 osten-

261 1977 325 2020 dit,
363 1988 460 2022 quae
493 1979 578 2013 olim
602 1978 757 2014 alterius
779 1989 825 2013 ex
848 1977 999 2013 duobus
1021 1978 1092 2013 illis
1114 1978 1210 2013 soliis
1231 1981 1378 2022 partem
1399 1978 1577 2022 superio-

261 2045 339 2069 rem
362 2034 571 2070 efficiebat:
609 2046 682 2080 qua
714 2035 844 2070 lacinia
877 2036 943 2070 etsi
974 2035 1114 2070 seruati
1136 2045 1211 2069 non
1233 2039 1320 2069 sunt
1340 2035 1409 2069 nisi
1432 2035 1577 2078 primus

261 2091 337 2127 solii
361 2093 451 2127 recti
474 2093 641 2137 itemque
662 2093 809 2136 primus
831 2092 909 2127 solii
930 2093 1053 2126 auersi
1078 2102 1233 2135 uersus,
1268 2096 1391 2126 tamen
1413 2102 1456 2126 ea
1478 2102 1576 2136 quae

261 2149 297 2183 in
328 2149 409 2193 ipso
442 2150 598 2193 paginae
620 2149 809 2184 secundae
832 2149 934 2184 exitu
958 2148 1148 2193 leguntur,
1184 2149 1238 2183 eis
1269 2158 1344 2183 non
1365 2149 1573 2183 continuari

260 2210 430 2250 apparet,
468 2216 565 2250 quae
598 2207 634 2240 in
665 2207 786 2251 primo
820 2207 950 2240 tertiae
982 2206 1137 2250 paginae
1169 2216 1284 2240 uersu
1323 2201 1444 2253 (nobis
1475 2205 1576 2250 frag-

260 2267 386 2297 mento
410 2258 468 2311 111)
507 2262 696 2308 leguntur.
752 2264 879 2307 itaque
900 2263 930 2297 si
952 2264 1141 2308 integrum
1162 2262 1332 2298 codicem
1354 2262 1575 2307 quaternio—

202 2357 368 2366 ·x›v›.2„70.„„
386 2361 429 2367 ,μμ
444 2360 557 2366 ,κγμίγν,,
591 2361 606 2366 *-

294 2420 312 2449 2
340 2426 524 2449 recurrere
550 2417 757 2455 Lachmann,
786 2417 977 2449 decurrere
1003 2418 1131 2449 codices
1192 2417 1205 2457 ΙΙ
1270 2420 1286 2448 3
1314 2416 1407 2457 quod
1436 2416 1514 2447 ideo
1541 2426 1557 2447 0
1580 2414 1632 2446 ὂια

202 2472 299 2494 τουτο
322 2463 357 2502 V,
382 2466 570 2504 propterea
597 2461 647 2494 δια
672 2473 768 2495 τουτο
794 2463 818 2493 S
872 2463 884 2502 ΙΙ
939 2464 1109 2504 quoniam
1134 2464 1167 2500 V,
1195 2465 1277 2503 quia
1302 2463 1325 2492 S
1379 2462 1392 2501 ΙΙ
1448 2470 1539 2501 quae
1564 2470 1628 2492 om.

203 2508 332 2539 codices
377 2509 390 2548 [l
438 2510 473 2540 in
493 2517 641 2540 censum
658 2519 699 2550 τη
719 2517 920 2552 αποτιμησισ
944 2509 978 2547 V,
999 2517 1109 2540 censu
1126 2520 1167 2552 τη
1186 2517 1386 2549 αποτιμησει
1405 2507 1428 2537 S
1481 2506 1494 2546 ΙΙ
1552 2508 1567 2536 4
1596 2507 1630 2537 in

206 2553 331 2584 urbem
349 2563 579 2586 romanorum
605 2555 637 2589 ι’,
659 2555 692 2584 in
713 2555 856 2585 ciuitate
875 2562 1022 2586 romana
1043 2554 1066 2585 S
1111 2555 1124 2594 11
1164 2554 1239 2593 agei
1266 2554 1289 2583 Υ
1338 2554 1350 2592 Η
1404 2556 1420 2583 5
1447 2554 1568 2583 notum
1595 2553 1628 2587 Γ,

205 2598 424 2631 declaratum
445 2600 468 2630 S
508 2600 521 2639 ll
563 2600 739 2640 prouintia
766 2596 802 2630 Vl
843 2599 856 2639 Η
896 2599 1135 2640 professiones
1159 2596 1199 2629 Γ]

297 2646 315 2674 9
341 2654 382 2676 ex
400 2646 527 2676 codices
543 2646 705 2684 plerique,
726 2653 789 2676 om.
812 2646 871 2676 alisi
