1942 3081
341 64 437 96 Paul.
461 64 559 103 111‚6
862 88 972 94 -—.
1034 66 1085 105 90
1146 89 1258 95 ,-..-..

263 189 312 227 46
337 197 456 242 parte
480 191 521 229 in
552 190 847 230 uenationibus
877 192 1086 230 consistat.
1152 193 1344 241 Fructus,
1381 193 1452 243 qui
1475 192 1558 231 solo
1581 192 1779 232 cohaere-

339 247 438 286 bant
460 248 605 287 mortis
627 249 836 287 testatoris
858 256 1056 300 tempore,
1081 247 1133 288 ad
1155 249 1399 301 legatarium
1422 250 1653 301 pertinent:
1683 257 1777 290 ante

262 304 312 342 47
340 305 526 356 percepti
548 304 601 345 ad
634 305 850 345 heredem.
904 304 1046 346 Fundo
1069 306 1202 358 legato
1234 319 1327 345 cum
1351 307 1570 357 mancipiis
1595 313 1636 346 et
1654 319 1777 359 peco-

342 361 460 402 ribus
482 368 522 401 et
550 363 661 401 omni
685 363 961 402 instrumento
993 364 1148 402 rustico
1171 370 1211 402 et
1242 363 1401 403 urbano
1423 364 1635 415 peculium
1666 371 1778 404 acto-

339 421 398 458 ris
419 426 514 459 ante
544 426 783 459 testatorem
806 420 1005 470 defuncti,
1031 421 1065 458 si
1089 433 1140 459 ex
1162 419 1307 460 eodem
1330 420 1457 460 fundo
1479 421 1622 471 fuerit,
1647 422 1778 472 magis

262 474 311 512 48
339 477 474 526 placet
503 476 555 516 ad
596 477 841 528 legatarium
872 478 1100 529 pertinere.
1163 478 1286 516 Actor
1316 479 1385 517 uel
1416 479 1584 518 colonus
1617 490 1668 517 ex
1697 479 1776 517 alio

340 533 468 573 fundo
492 534 533 572 in
556 533 702 573 eodem
724 535 994 584 constitutus,
1021 534 1093 585 qui
1117 547 1210 573 cum
1234 537 1343 573 omni
1367 536 1644 575 instrumento
1666 535 1778 587 lega—

340 598 405 630 tus
427 598 537 640 erat,
572 590 625 630 ad
647 591 894 642 legatarium
926 604 1008 630 non
1041 592 1245 642 pertinet,
1282 593 1361 631 nisi
1391 605 1484 632 eum
1516 592 1569 632 ad
1591 593 1656 632 ius
1688 593 1777 632 eius

261 647 310 684 49
340 647 456 687 fundi
490 654 662 687 testator
681 648 862 687 uoluerit
882 649 1105 700 pertinere.
1168 648 1494 700 Adiunctiones,
1523 662 1626 702 quas
1648 648 1777 689 fundo

338 706 471 757 legato
493 711 666 744 testator
698 718 750 744 ex
771 704 954 744 diuersis
976 704 1258 756 emptionibus
1279 707 1583 758 applicauerat,
1619 707 1777 759 legata-

260 760 310 798 50
341 763 399 801 rio
431 761 581 801 cedere
611 762 782 813 placuit.
854 763 1056 801 Instructo
1088 762 1260 813 praedio
1291 764 1425 814 legato
1457 763 1563 803 fabri
1594 764 1771 814 ferrarii,

341 820 439 858 item
461 819 643 870 tignarii,
670 825 883 869 putatores
905 826 945 858 et
968 820 1038 870 qui
1063 820 1298 859 instruendi
1322 820 1441 860 fundi
1465 821 1596 872 gratia
1619 820 1776 860 ibidem

260 874 304 912 51
340 876 623 926 morabantur,
650 876 782 928 legato
805 876 973 916 cedunt.
1024 877 1225 915 Instructo
1247 877 1374 916 fundo
1397 878 1530 929 legato
1553 877 1651 916 libri
1673 890 1778 930 quo-

338 946 420 985 que
440 939 479 972 et
493 932 768 973 bibliothecae
787 946 893 985 quae
918 935 960 972 in
979 933 1124 973 eodem
1143 933 1270 973 fundo
1293 942 1389 974 sunt
1405 935 1538 985 legato
1559 936 1778 975 continen-

259 988 310 1026 52
337 998 419 1030 tur.
474 992 628 1030 Seruos
650 990 848 1030 studendi
870 992 1000 1043 gratia
1023 1003 1075 1029 ex
1105 991 1249 1030 eodem
1273 991 1422 1042 fundo,
1450 993 1521 1044 qui
1543 1005 1637 1032 cum
1660 1005 1778 1031 man-

337 1048 456 1099 cipiis
489 1047 624 1087 fuerat
662 1048 842 1100 legatus,
887 1049 966 1087 alio
1005 1048 1225 1087 translatos
1255 1048 1307 1088 ad
1346 1049 1590 1101 legatarium
1620 1050 1778 1101 placuit

259 1103 308 1141 ‚²33
339 1106 567 1157 pertinere.
628 1104 771 1144 Fundo
795 1107 850 1144 ita
870 1112 915 1144 ut
936 1105 1178 1157 possederat
1208 1106 1340 1157 legato
1362 1108 1569 1157 mancipia
1600 1113 1683 1146 tam
1705 1119 1778 1146 ur-

339 1162 442 1201 bana
467 1175 591 1214 quam
617 1163 783 1212 rustica,
810 1164 995 1214 itemque
1015 1169 1235 1214 argentum
1259 1171 1298 1202 et
1320 1171 1473 1215 uestes,
1502 1176 1609 1216 quae
1630 1163 1776 1203 eodem

339 1227 525 1271 tempore
550 1220 591 1257 in
615 1218 743 1259 fundo
760 1219 1182 1272 comprehendentur,
1208 1220 1258 1260 ad
1277 1221 1521 1272 legatarium
1542 1222 1771 1273 pertinent.

260 1274 310 1312 54
339 1277 561 1327 Pascualia,
588 1289 695 1328 quae
718 1284 859 1328 postea
877 1283 1107 1329 comparata
1129 1277 1180 1316 ad
1204 1276 1381 1317 fundum
1403 1279 1583 1330 legatum
1606 1284 1778 1317 testator

337 1333 609 1383 adiunxerat,
636 1334 670 1373 si
695 1336 784 1373 eius
805 1334 1082 1386 appellatione
1106 1336 1420 1384 contineantur,
1454 1335 1506 1374 ad
1529 1335 1775 1387 legatarium

260 1388 310 1426 55
338 1392 566 1442 pertinent.
619 1390 832 1442 Quidquid
856 1393 897 1429 in
921 1391 1066 1430 eadem
1089 1391 1221 1441 domo,
1249 1404 1372 1442 quam
1395 1393 1639 1432 instructam
1663 1393 1777 1444 lega-

338 1449 399 1488 uit
429 1455 550 1500 pater
582 1446 779 1498 familias,
819 1455 1024 1500 perpetuo
1061 1449 1296 1488 instruendi
1336 1451 1466 1501 gratia
1504 1449 1672 1497 habuit,
1714 1449 1777 1488 le-

260 1504 310 1541 56
338 1506 492 1555 μειιῑπίο
532 1504 657 1544 cedit.
721 1506 923 1545 Instructa
953 1505 1072 1544 domo
1102 1506 1233 1557 legata
1256 1518 1303 1545 ea
1336 1507 1468 1558 legato
1490 1507 1771 1557 continentur,

338 1562 493 1614 quibus
510 1562 658 1602 domus
678 1564 877 1602 munitior
897 1564 963 1602 uel
988 1569 1073 1602 tuta
1090 1562 1144 1601 ab
1166 1563 1359 1603 incendio
1373 1571 1628 1615 piaestatur:
1655 1571 1776 1615 tegu—

340 1620 400 1659 lae
423 1620 655 1672 specularia
679 1627 721 1659 et
754 1620 844 1659 uela
866 1621 999 1672 legato
1029 1620 1378 1660 continebuntur:
1417 1622 1515 1660 item
1537 1627 1776 1660 aeramenta

338 1677 433 1716 lecti
465 1677 639 1716 culcitae
678 1677 843 1728 puluini
885 1677 1082 1716 subsellia
1124 1677 1347 1717 cathedrae
1390 1691 1559 1718 mensae
1599 1678 1775 1717 armaria

337 1733 556 1786 delphicae
596 1734 743 1785 pelues
781 1735 960 1773 conchae
1002 1734 1278 1785 aquimanalia
1310 1735 1559 1774 candelabra
1580 1735 1775 1774 lucernae

260 1789 311 1827 57
338 1798 379 1830 et
407 1791 558 1830 similia
587 1803 851 1842 quacumque
885 1792 1058 1830 materia
1090 1804 1303 1843 expressa.
1364 1793 1490 1831 Domo
1521 1792 1654 1844 legata
1684 1791 1776 1831 bal-

338 1860 465 1887 neum
488 1848 600 1898 eius,
628 1848 741 1899 quod
760 1848 927 1900 publice
949 1848 1198 1899 praebetur,
1225 1850 1305 1887 nisi
1327 1850 1427 1888 alias
1448 1856 1685 1901 separetur,
1713 1849 1775 1888 le-

259 1903 311 1941 58
339 1912 430 1956 gato
452 1904 576 1944 cedit.
639 1906 766 1944 Domo
795 1918 888 1945 cum
910 1906 1021 1944 omni
1050 1907 1141 1945 iure
1164 1918 1237 1945 suo
1260 1908 1365 1946 sicut
1394 1907 1598 1946 instructa
1628 1913 1692 1946 est
1712 1906 1775 1946 le-

338 1969 430 2013 gata
462 1961 622 2001 urbana
653 1961 830 2013 familia,
866 1963 965 2002 item
997 1963 1177 2002 artifices
1209 1970 1249 2002 et
1278 1964 1466 2002 uestiarii
1499 1970 1539 2002 et
1569 1963 1712 2003 zetarii
1735 1970 1776 2002 et

256 2017 309 2055 :59
336 2020 495 2070 aquarii
531 2019 676 2059 itidem
713 2020 853 2059 domui
890 2020 1124 2059 seruientes
1163 2020 1296 2071 legato
1331 2019 1501 2060 cedunt.
1569 2019 1775 2060 Omnibus

338 2089 445 2128 quae
469 2077 509 2115 in
543 2076 662 2115 domo
693 2084 790 2116 sunt
820 2078 967 2128 legatis
997 2078 1208 2116 cautiones
1239 2077 1477 2117 debitorum
1508 2079 1774 2130 rationesque

1256 2226 1268 2233 x
1297 2226 1301 2227 ν
1316 2226 1413 2233 *tv—‘xm
1424 2226 1434 2231 ν»
1464 2226 1476 2231 n
1506 2226 1513 2229 -
1526 2226 1533 2230 r
1547 2225 1561 2232 —t
1570 2225 1731 2233 *‚mr.<2»--·2vx«
1762 2225 1773 2231 --

431 2330 448 2358 5
476 2326 586 2358 fundo
607 2327 653 2364 M,
682 2335 746 2358 om.
769 2327 793 2358 L
849 2326 862 2366 11
919 2330 935 2358 7
964 2328 1104 2369 eodem]
1133 2338 1174 2360 eo
1192 2338 1257 2360 scr.
1317 2328 1329 2368 Η
1397 2330 1435 2358 42
1461 2331 1495 2360 ct
1513 2330 1695 2370 putatores
1712 2329 1773 2369 qui

341 2372 493 2404 Huschke
532 2373 545 2413 11
588 2375 626 2403 45
654 2381 781 2403 seruus
800 2372 846 2408 M,
868 2382 972 2404 seruo
992 2374 1015 2404 L
1057 2375 1070 2413 Η
1116 2377 1152 2405 16
1180 2374 1371 2406 translatus
1390 2371 1472 2405 MLb
1511 2375 1524 2413 ss
1578 2376 1617 2404 48
1644 2382 1774 2413 argen-

339 2423 413 2449 tum
432 2419 470 2455 L,
498 2428 623 2459 agrum
642 2418 679 2449 M
717 2418 731 2458 ΙΙ
772 2420 811 2448 20
839 2419 1021 2459 pascualia
1040 2420 1086 2457 M,
1115 2421 1303 2461 pascuaria
1327 2420 1350 2451 L
1392 2419 1405 2459 ΙΙ
1445 2421 1485 2450 23
1514 2419 1714 2450 instruendi
1732 2420 1771 2459 L,

340 2465 538 2495 instruendi
560 2473 596 2495 se
616 2465 651 2495 J!
691 2463 704 2503 ΙΙ
743 2466 784 2495 27
812 2464 950 2504 puluini
970 2465 1017 2501 M,
1038 2465 1185 2506 puluine
1204 2466 1228 2497 L
1270 2465 1284 2505 ΙΙ
1323 2468 1365 2496 28
1393 2465 1552 2496 conchae
1569 2466 1663 2502 dett„
1686 2474 1774 2497 con-

338 2518 423 2541 caea
442 2510 478 2547 L,
507 2519 570 2541 om.
595 2510 631 2541 M
685 2510 697 2549 [1
753 2510 994 2549 aquimanulia
1021 2511 1116 2548 dett„
1144 2511 1388 2552 aquimanulia
1407 2511 1453 2548 M,
1481 2510 1714 2551 aquaminilia
1732 2511 1771 2549 L,

338 2556 572 2595 aquiminalia
592 2557 671 2587 alii:
699 2556 741 2594 cs.
763 2556 947 2586 Mommsen
968 2557 1011 2587 ad
1033 2556 1107 2596 Οἱς.
1130 2559 1184 2593 33,
1209 2559 1261 2594 40,
1282 2559 1298 2587 3
1315 2565 1370 2595 pr.
1429 2557 1442 2596 ΙΙ
1500 2559 1535 2587 31
1567 2556 1699 2588 cedunt
1717 2565 1775 2588 co-

338 2603 426 2632 dices
457 2601 470 2640 11
505 2603 544 2632 32
564 2602 698 2633 ostiarii
718 2601 877 2632 (niarius
917 2602 930 2641 Η
971 2604 1010 2633 33
1032 2602 1153 2633 itidem
1172 2604 1306 2641 scripsi,
1327 2605 1361 2633 et
1378 2602 1472 2633 idem
1493 2602 1539 2640 M,
1562 2604 1595 2633 et
1610 2601 1728 2634 eidem
1747 2603 1772 2634 L

1805 715 1844 743 40

1805 1000 1844 1029 45

1802 1285 1843 1314 20

1800 1571 1844 1600 25

1801 1856 1841 1886 30
