1942 3081
334 105 412 145 le.
437 106 529 137 Paul.
842 129 951 134 .-.-..
1017 107 1095 145 160
1154 130 1268 134 ——

504 234 682 269 Boethius
716 236 750 269 in
773 235 911 280 Topica
937 239 972 281 3,
1004 239 1023 272 4
1066 233 1201 284 (Baiter
1222 247 1259 281 p.
1291 234 1380 283 299)
1419 247 1466 271 ex
1488 237 1630 282 leiani
1652 237 1715 272 ln-

389 290 648 326 stitutionibus
680 303 753 328 non
786 293 831 327 ad
865 292 997 335 uerba,
1034 293 1098 328 sed
1128 294 1245 338 magis
1267 295 1302 328 in
1326 294 1480 329 modum
1503 295 1712 338 argumenti

389 347 482 383 haee
507 349 668 384 rettulit:

445 447 594 487 Tribus
624 449 735 487 enim
768 448 900 488 modis
928 462 1031 488 uxor
1053 449 1308 500 habebatur,
1342 462 1421 489 usu
1444 449 1578 488 farreo
1600 462 1769 502 coemp-

331 505 453 544 tione.
512 505 585 544 sed
608 504 881 545 confarreatio
905 507 1001 545 solis
1023 507 1290 558 pontificibus
1312 506 1604 546 conueniebat.
1659 519 1766 559 quae

328 568 467 600 autem
491 563 532 600 in
554 575 723 601 manum
747 576 823 614 per
845 564 1147 615 coemptionem
1172 571 1469 612 conuenerant,
1498 576 1569 603 eae
1592 570 1768 603 matres-

330 618 505 658 familias
546 620 826 659 uocabantur:
873 633 979 671 quae
1015 633 1117 659 uero
1153 634 1233 660 usu
1269 622 1334 660 uel
1374 620 1530 664 farreo,
1577 622 1760 660 minime.

329 678 529 728 coemptio
557 690 656 715 uero
687 678 812 716 certis
841 677 1191 717 sollemnitatibus
1213 678 1514 730 peragebatur,
1548 685 1587 717 et
1610 691 1701 718 sese
1724 680 1765 717 in

328 733 552 772 coemendo
590 734 770 773 inuicem
808 734 1143 785 interrogabant:
1189 736 1256 774 uir
1293 736 1370 786 ita,
1411 748 1462 774 an
1499 735 1577 774 sibi
1613 736 1766 775 mulier

328 790 637 830 materfamilias
660 804 750 830 esse
773 792 902 830 uellet
915 793 932 830 ἱ)
984 792 1051 830 illa
1075 791 1355 844 respondebat
1377 793 1511 831 uelle:
1545 793 1644 831 item
1668 806 1763 833 mu-

328 849 403 885 lier
426 847 721 899 interrogabat,
757 861 809 887 an
840 849 908 887 uir
938 849 1017 887 sibi
1053 849 1350 900 paterfamilias
1372 862 1462 888 esse
1485 850 1643 889 uellet?
1694 850 1762 889 ille

328 904 607 956 respondebat
630 905 753 944 uelle.
792 906 930 957 itaque
952 906 1105 945 mulier
1121 907 1201 945 uiri
1219 906 1495 946 conueniebat
1514 907 1555 945 in
1574 919 1757 958 manum,

325 968 365 1000 et
386 962 645 1001 uocabantur
668 963 743 1001 hae
766 965 937 1015 nuptiae
959 976 1036 1015 per
1058 965 1387 1015 coemptionem,
1424 971 1463 1003 et
1494 970 1582 1003 erat
1610 964 1763 1004 mulier

324 1018 636 1059 materfamilias
666 1020 757 1058 uiro
788 1020 874 1058 1000
907 1020 1027 1060 filiae.
1092 1033 1215 1072 quam
1249 1022 1568 1060 sollemnitatem
1601 1022 1642 1060 in
1675 1022 1762 1061 suis

325 1076 525 1115 institutis
547 1077 748 1128 leianus
771 1078 954 1129 exponit.

493 1274 734 1319 Spicilegium
766 1275 1004 1310 Solesmense
1037 1275 1096 1311 ed.
1124 1276 1222 1310 Pitra
1245 1276 1317 1322 lp.
1347 1279 1417 1311 ζ281
1459 1277 1555 1311 inter
1580 1277 1700 1311 Pacati

378 1336 554 1376 excerpta
576 1332 678 1367 hunc
701 1333 825 1368 locum
847 1333 998 1367 aliunde
1020 1343 1095 1367 non
1119 1337 1248 1368 notum
1268 1330 1287 1374 Γ]
1319 1332 1493 1368 exhibet:

432 1431 634 1482 leianus
656 1430 763 1469 libro
778 1431 804 1483 2)
834 1430 886 1470 ad
909 1431 1089 1470 edictum
1113 1437 1230 1470 sexto
1253 1432 1324 1483 qui
1342 1444 1417 1483 pro
1434 1432 1525 1470 aliis
1541 1444 1595 1471 ne
1611 1438 1757 1483 postu-

320 1488 404 1526 lent
426 1488 544 1526 titulo
567 1494 682 1527 sexto
705 1489 764 1527 sie
788 1487 939 1527 refert:
982 1489 1225 1528 Inuenimus
1247 1489 1356 1540 apud
1380 1496 1547 1528 ueteres
1571 1489 1756 1528 mulieris

317 1546 595 1596 appellatione
618 1546 741 1584 etiam
764 1545 947 1597 uirgines
960 1546 985 1599 3)
1016 1547 1235 1585 contineri.

775 1739 918 1780 PAVLI
948 1740 1297 1780 FRAGMENTVM

432 1820 580 1858 Paulus
614 1820 897 1859 institutorum
930 1820 1036 1859 libro
1059 1819 1242 1859 seeundo
1264 1820 1383 1858 titulo
1406 1819 1457 1858 de
1482 1819 1663 1859 dotibus.
1709 1820 1751 1860 Si

316 1875 542 1915 diuortium
573 1883 635 1915 est
667 1877 918 1916 matrimonii
949 1884 988 1916 et
1017 1878 1093 1916 hoe
1124 1879 1214 1916 sine
1246 1877 1365 1928 culpa
1390 1877 1578 1916 mulieris
1598 1877 1752 1916 factum

314 1940 390 1983 est,
416 1932 490 1972 dos
514 1934 674 1985 integra
697 1940 922 1986 repetetur.
971 1934 1081 1985 quod
1103 1935 1136 1973 si
1160 1934 1280 1986 eulpa
1302 1935 1492 1973 mulieris
1515 1933 1667 1974 factum
1689 1941 1752 1973 est

313 1990 554 2039 diuortium,
592 1991 633 2029 in
666 1991 851 2043 singulos
872 1991 1028 2030 liberos
1049 1998 1165 2030 sexta
1186 2003 1284 2043 pars
1307 1991 1414 2030 dotis
1435 2003 1456 2029 a
1479 1992 1626 2030 marito
1649 1991 1751 2030 reti-

314 2054 438 2086 netur
460 2060 592 2098 usque
616 2047 667 2086 ad
691 2048 870 2087 mediam
894 2055 1051 2100 partem
1076 2048 1292 2088 dumtaxat
1314 2048 1434 2087 (lotis.

485 2154 559 2188 Hoc
582 2154 682 2188 Pauli
716 2154 965 2199 fragmentum
996 2156 1034 2189 in
1055 2154 1197 2190 Boethii
1229 2154 1499 2190 commentario
1522 2154 1569 2189 ad
1592 2155 1686 2200 Top.

371 2215 406 2255 ’2,
440 2214 474 2253 li,
509 2214 553 2245 19
584 2206 709 2257 (Orelli
735 2222 771 2256 p.
801 2208 893 2255 303)
921 2216 1115 2246 seruatum
1138 2216 1205 2247 est.

1490 2389 1508 2395 ,ἶ
1525 2388 1594 2395 ,sext
1607 2388 1682 2395 sne—⁷
1700 2389 1704 2391 -
1720 2389 1730 2393 >

403 2459 423 2499 ¹)
454 2459 495 2499 cf.
520 2459 595 2499 Περ.
618 2461 671 2497 50,
696 2461 748 2497 16,
772 2460 810 2487 r¹3
826 2467 881 2497 pr.
911 2462 942 2490 et
968 2459 1133 2499 Boea-law
1150 2460 1288 2503 ⁸l'lpe'am'
1303 2459 1495 2499 flammeum
1515 2459 1566 2490 ed.
1590 2460 1605 2488 4
1621 2467 1657 2498 p.
1685 2460 1742 2489 ³77

308 2504 331 2543 2)
363 2504 453 2536 liber
475 2505 499 2537 C
545 2502 569 2544 ³)
600 2504 768 2536 mulieres
786 2512 818 2535 a.
840 2514 869 2536 0.
890 2505 1038 2543 uirginis
1061 2505 1085 2536 C
