1942 3081
340 55 437 86 Paul.
460 55 558 92 111,6
860 78 974 84 —
1033 55 1085 94 92
1149 77 1258 84 .-.

341 182 566 229 timeantur,
603 179 779 219 dubium
802 181 1023 219 remansit:
1060 186 1100 219 et
1124 180 1216 219 ideo
1238 180 1462 219 uoluntatis
1486 186 1549 219 est
1570 180 1774 231 quaestio.

339 245 477 276 tamen
494 238 529 276 si
551 236 892 277 instruendarum
910 237 1211 277 cotidianarum
1230 237 1449 289 epularum
1467 238 1598 288 gratia
1620 236 1780 276 haben-

258 294 312 332 72
340 301 421 344 tur,
449 293 673 334 debentur.
716 294 917 334 Muliones
940 301 982 334 et
1003 295 1210 334 institores
1233 295 1342 334 inter
1362 293 1523 333 urbana
1545 294 1777 333 ministeria

339 352 629 391 continentur:
667 352 764 391 item
787 357 1054 404 opsonatores
1075 357 1117 391 et
1136 352 1325 391 uestiarii
1348 357 1389 390 et
1411 348 1619 390 cellararii
1641 357 1682 390 et
1704 363 1778 390 cu-

338 408 532 448 bicularii
554 415 594 448 et
614 408 763 448 arcarii
788 415 828 448 et
850 409 970 460 coqui
1001 409 1242 461 placentarii
1273 415 1459 448 tonsores
1487 409 1666 460 pistores
1691 407 1778 447 lec-

261 466 310 504 73
337 466 487 505 ticarii.
551 465 771 505 Pecoribus
802 466 949 517 legatis
979 465 1279 518 quadrupedes
1316 478 1460 505 omnes
1492 465 1772 513 continentur,

261 524 311 562 74
338 535 446 574 quae
479 524 678 575 gregatim
710 530 952 575 pascuntur.
1016 523 1213 562 lumentis
1236 523 1382 574 legatis
1413 522 1543 562 boues
1575 534 1657 561 non
1679 534 1780 562 con-

339 581 550 620 tinentur:
587 581 706 631 equis
728 592 830 619 uero
859 580 1005 631 legatis
1028 592 1157 631 equas
1179 592 1345 631 quoque
1377 579 1533 631 placuit
1555 580 1774 618 contineri.

339 636 489 676 ouibus
510 643 649 676 autem
673 637 816 688 legatis
837 637 934 688 agni
950 649 1033 675 non
1051 637 1331 687 continentur,
1356 637 1438 676 nisi
1455 637 1658 676 annuales
1676 637 1774 676 sint.

198 693 254 731 75
272 694 323 732 76
339 694 473 745 Grege
495 694 637 733 ouium
659 694 792 745 legato
813 694 966 733 arietes
988 693 1113 732 etiam
1135 694 1415 732 continentur.
1478 693 1642 732 Auibus
1663 693 1778 744 lega-

338 752 391 790 tis
414 763 585 790 anseres
606 750 795 802 phasiani
819 751 995 802 gallinae
1013 757 1053 790 et
1073 750 1230 789 auiaria
1248 750 1537 790 debebuntur:
1565 763 1616 789 an
1639 757 1777 790 autem

260 808 311 846 77
338 808 593 859 phasianarii
612 814 652 846 et
672 814 860 859 pastores
877 820 1088 858 anserum,
1113 808 1340 847 uoluntatis
1357 814 1420 846 est
1441 808 1643 859 quaestio.
1676 807 1780 847 Dul-

338 865 458 904 cibus
489 865 636 916 legatis
667 877 780 916 sapa,
817 864 1045 915 defrutum,
1081 865 1272 915 mulsum,
1308 863 1430 904 dulce
1462 865 1586 903 etiam
1616 864 1775 910 uinum.

337 923 522 974 palmae,
550 923 732 972 caricae,
768 934 876 961 uuae
897 934 1043 974 passae
1065 921 1349 961 debebuntur.
1414 921 1488 961 sed
1511 922 1553 960 in
1577 921 1652 960 hoc
1673 933 1778 973 quo-

338 992 420 1030 que
451 980 679 1019 uoluntatis
702 986 764 1018 est
794 979 995 1030 quaestio,
1024 979 1121 1030 quia
1144 980 1243 1018 etin
1267 980 1406 1030 specie
1428 991 1645 1030 pomorum
1666 991 1778 1017 com-

259 1037 310 1074 78
337 1036 544 1088 prehendi
566 1043 755 1088 possunt.
791 1036 996 1088 Frugibus
1018 1036 1162 1088 legatis
1184 1043 1267 1075 tam
1299 1036 1510 1088 legumina
1533 1048 1658 1087 quam
1679 1035 1778 1074 hor-

259 1096 310 1132 79
338 1093 463 1132 deum
486 1100 526 1133 et
547 1094 732 1133 triticum
753 1094 1032 1132 continentur.
1096 1094 1219 1132 Veste
1242 1093 1374 1146 legata
1398 1105 1445 1132 ea
1467 1092 1643 1142 cedunt,
1670 1104 1776 1144 quae

337 1163 390 1189 ex
413 1151 505 1190 lana
537 1157 579 1189 et
601 1151 684 1189 lino
705 1157 818 1189 texta
848 1157 970 1189 sunt:
1007 1151 1104 1189 item
1138 1151 1269 1189 serica
1300 1157 1340 1190 et
1362 1149 1634 1202 bombycina,
1670 1161 1778 1201 quae

336 1214 475 1247 tamen
499 1206 663 1247 indutui
692 1208 761 1247 uel
784 1207 1003 1259 operiendi
1025 1206 1221 1259 cingendi
1251 1206 1465 1247 sternendi
1489 1206 1775 1258 iniciendique

336 1277 460 1304 causa
480 1271 622 1317 parata
653 1271 773 1304 sunt:
809 1265 942 1316 pelles
963 1277 1130 1316 quoque
1163 1264 1397 1304 indutoriae
1429 1263 1771 1303 continebuntur.

257 1323 308 1359 80
336 1323 460 1361 Veste
492 1322 606 1361 uirili
629 1323 761 1373 legata
794 1335 841 1361 ea
863 1321 1148 1361 tantummodo
1173 1321 1403 1371 debentur,
1440 1334 1547 1373 quae
1578 1320 1631 1360 ad
1652 1333 1774 1360 usum

335 1379 502 1418 uirilem
542 1380 656 1418 saluo
694 1378 854 1430 pudore
885 1379 1100 1418 uirilitatis
1140 1380 1334 1418 attinent.
1397 1378 1577 1430 stragula
1607 1390 1774 1430 quoque

255 1437 301 1474 81
335 1436 431 1475 huic
462 1437 595 1488 legato
635 1435 802 1475 cedunt.
869 1435 1060 1475 Muliebri
1090 1442 1209 1475 ueste
1240 1436 1376 1488 legata
1407 1436 1545 1474 omnia
1585 1447 1691 1487 quae
1722 1434 1776 1474 ad

255 1494 308 1531 82
335 1505 459 1532 usum
490 1492 741 1533 muliebrem
773 1500 963 1545 spectant
992 1492 1279 1533 debebuntur.
1350 1495 1458 1532 Lana
1489 1493 1644 1544 legata,
1685 1492 1774 1532 siue

334 1549 480 1589 sucida
510 1552 599 1590 siue
629 1551 708 1590 lota
739 1551 793 1589 sit
823 1551 913 1590 siue
944 1551 1153 1602 pectinata
1184 1550 1275 1590 siue
1306 1549 1598 1599 uersicoloria,
1641 1549 1774 1602 legato

334 1607 468 1646 cedit:
495 1620 681 1659 purpura
703 1620 804 1647 uero
828 1614 899 1646 aut
921 1614 1082 1647 stamen
1105 1606 1383 1647 subtemenue
1406 1607 1482 1646 hoc
1503 1607 1670 1646 nomine
1692 1619 1772 1645 non

253 1665 305 1703 83
334 1665 617 1704 continentur.
652 1664 803 1703 Mundo
819 1664 1016 1704 muliebri
1032 1665 1166 1716 legato
1183 1677 1230 1704 ea
1247 1664 1415 1714 cedunt,
1435 1677 1511 1715 per
1525 1676 1633 1716 quae
1650 1675 1775 1703 mun-

334 1720 428 1760 dior
450 1721 601 1760 mulier
631 1722 867 1772 lautiorque
890 1721 1095 1769 efficitur,
1133 1722 1250 1761 uelut
1272 1722 1489 1773 speculum
1510 1720 1693 1761 conchae
1716 1721 1774 1760 si-

332 1778 422 1828 tuli,
450 1779 547 1817 item
570 1777 748 1830 pyxides
770 1785 987 1829 unguenta
1009 1785 1049 1817 et
1066 1791 1180 1828 uasa,
1207 1779 1249 1817 in
1272 1778 1428 1830 quibus
1449 1790 1494 1817 ca
1518 1784 1636 1817 sunt:
1673 1777 1771 1816 item

253 1837 306 1875 84
333 1836 434 1874 sella
456 1834 666 1874 balnearis
699 1842 737 1874 ct
763 1841 900 1874 cetera
930 1835 1182 1875 huiusmodi.
1246 1835 1514 1874 Ornamentis
1545 1835 1693 1886 legatis
1724 1847 1771 1874 ea

333 1891 501 1942 cedunt,
530 1905 603 1944 per
621 1905 726 1944 quae
742 1893 925 1931 ornatior
942 1893 1093 1931 mulier
1109 1891 1302 1941 efficitur,
1322 1893 1453 1932 ueluti
1471 1892 1583 1931 anuli
1603 1897 1771 1931 catenae

333 1950 495 1988 reticuli
513 1957 553 1988 et
569 1957 722 1999 cetera,
749 1949 904 2001 quibus
921 1949 1021 1988 collo
1038 1949 1106 1989 uel
1123 1950 1257 2001 capite
1274 1949 1342 1989 uel
1361 1948 1556 1988 manibus
1573 1949 1772 1988 mulieres

253 2009 305 2047 85
332 2013 547 2045 ornantur.
611 2006 791 2058 Argento
823 2007 953 2058 legato
977 2019 1136 2046 massae
1157 2005 1440 2046 tantummodo
1472 2005 1764 2045 debebuntur:

334 2076 430 2102 uasa
453 2063 586 2113 enim,
623 2076 730 2115 quae
752 2065 919 2115 proprio
941 2064 1105 2103 nomine
1137 2069 1404 2115 separantur,
1441 2064 1575 2115 legato
1597 2075 1679 2102 non
1701 2075 1770 2102 ce—

249 2123 303 2160 86
332 2120 460 2171 dunt,
497 2121 593 2172 quia
624 2134 701 2160 nec
723 2121 815 2159 lana
837 2121 969 2172 legata
991 2122 1239 2160 uestimenta
1273 2120 1498 2160 debentur.
1560 2120 1678 2159 Vasis
1699 2132 1768 2159 ar-

331 2233 378 2241 M
385 2234 390 2236 -
396 2233 620 2242 .-.xxxxx.x«>.x
626 2233 860 2243 x«.ux.-<xxxx—..x
869 2234 881 2241 z
888 2234 902 2241 κ
911 2234 995 2242 xxxx
1000 2234 1502 2242 *vxae—„a-xxaxxxx-«vwxmmxmxx
1636 2233 1708 2243 Q*
1723 2234 1749 2241 »a
1757 2236 1766 2239 r

421 2317 439 2345 Ξ
467 2313 642 2345 habentur
660 2313 837 2345 debentur
853 2314 948 2350 dett„
977 2314 1032 2346 liis
1050 2314 1227 2346 debentur
1246 2314 1292 2351 M,
1320 2313 1498 2345 habentur
1516 2314 1540 2346 L
1596 2314 1609 2353 ΙΙ
1666 2317 1683 2345 3
1712 2315 1768 2345 in-

327 2361 512 2392 stitutores
533 2361 662 2391 codices
701 2359 715 2399 Η
756 2360 771 2389 4
802 2359 936 2390 cellarii
956 2360 1020 2396 Ma,
1049 2360 1237 2391 cellariarii
1257 2360 1282 2391 L
1323 2358 1336 2399 ΙΙ
1378 2361 1396 2390 5
1422 2359 1632 2400 placentarii
1655 2360 1717 2391 ML
1756 2358 1768 2402 ΙΙ

327 2405 503 2445 tonsores]
525 2408 548 2437 t.
569 2406 603 2436 et
621 2405 683 2436 ML
739 2405 753 2445 Ιὶ
809 2405 993 2445 lecticarii]
1020 2405 1099 2437 lect.
1121 2405 1306 2437 stabularii
1326 2405 1512 2436 sichardus
1565 2405 1578 2446 ΙΙ
1636 2407 1675 2436 43
1702 2405 1766 2437 de-

327 2451 420 2483 fruto
448 2450 595 2486 [defreto
614 2451 688 2489 ML)
719 2450 834 2482 mulso
853 2450 958 2482 dulce
976 2452 1084 2483 etiam
1101 2453 1188 2483 uino
1205 2451 1334 2482 codices
1388 2450 1401 2490 ΙΙ
1459 2453 1498 2481 45
1525 2452 1644 2492 specie
1669 2452 1764 2487 dett„

325 2506 389 2538 spe
408 2498 444 2537 L,
467 2506 566 2538 spem
585 2497 621 2528 M
659 2496 673 2536 11
714 2498 754 2526 49
778 2495 917 2527 indutui
938 2497 982 2532 M,
1006 2497 1105 2528 indui
1125 2497 1149 2528 L
1190 2496 1203 2536 11
1244 2498 1285 2526 26
1312 2495 1546 2527 subtemenue
1564 2498 1658 2533 dett„
1678 2496 1767 2528 sub-

327 2544 437 2574 timen
456 2543 513 2574 uel
533 2543 580 2579 M,
608 2541 802 2573 sublimine
818 2541 875 2572 uel
896 2542 920 2573 L
976 2542 988 2580 ΙΙ
1044 2545 1086 2573 29
1113 2542 1264 2583 pyxides
1282 2542 1319 2579 L,
1348 2540 1520 2574 bubrides
1538 2543 1575 2573 M
1628 2542 1641 2582 Η
1698 2551 1767 2574 un-

325 2591 496 2632 guentum
515 2589 643 2619 codices

1806 702 1845 730 40

1805 987 1844 1016 45

1802 1273 1842 1301 20

1801 1558 1842 1587 25

1799 1844 1838 1872 30

1794 2129 1836 2158 35
