1942 3081
690 161 802 168 ..—.
865 138 941 177 119
1001 161 1112 166 --.
1327 138 1609 175 Pontus—ii

139 266 160 304 3
190 278 280 303 rum
313 265 479 303 nomine
501 264 766 316 promittitur.
832 263 1032 308 Quotiens
1062 262 1290 301 iudicatum
1313 262 1415 300 solui
1441 263 1615 312 stipula-

189 322 299 361 tione
316 321 553 372 satisdatur,
579 321 726 359 omissa
744 320 834 358 eius
850 319 954 358 actio
978 320 1038 357 rei
1062 318 1266 358 iudicatae
1284 320 1613 369 persecutionem

139 381 158 418 4
187 392 267 418 non
291 378 488 418 excludit.
551 377 808 428 Emancipati
838 375 959 414 liberi
983 376 1198 427 praeteriti
1231 375 1262 412 si
1286 375 1419 413 uelint
1442 376 1612 413 miscere

185 448 228 475 se
246 442 444 488 paternae
462 434 682 474 hereditati
701 439 742 472 et
763 446 856 472 cum
874 433 938 471 his
959 433 1030 484 qui
1050 433 1091 470 in
1108 437 1308 484 potestate
1326 439 1611 470 remanserunt

186 493 416 532 communis
446 493 575 543 patris
608 489 800 530 diuidere
833 489 1130 539 hereditatem,
1165 495 1388 539 antequam
1410 487 1612 527 bonorum

156 566 159 567 ⁷
185 550 488 600 possessionem
508 554 674 600 petant,
703 547 754 586 de
777 545 1029 586 conferendo
1051 558 1200 585 cauere
1231 558 1324 584 cum
1346 544 1613 583 satisdatione

183 605 412 645 debebunt.
475 604 586 657 quod
613 605 646 644 si
669 604 868 644 satisdare
891 616 971 642 non
993 608 1179 655 possunt,
1207 603 1344 641 statim
1367 614 1414 640 ex
1438 601 1517 640 fide
1539 601 1614 639 bo—

183 675 330 702 norum
360 661 644 714 confusionem
668 668 838 713 excepto
868 661 1030 713 peculio
1053 661 1250 699 castrensi
1283 658 1418 698 facere
1441 658 1613 709 cogendi

182 727 293 759 Sunt.

517 843 552 897 [x
609 856 658 882 DE
691 855 972 883 CONTRAHENDA
1002 839 1278 893 Avcronmrn]

135 926 147 962 1
295 923 358 963 Ob
380 930 536 963 metum
559 922 841 975 impendentis
858 921 998 962 damni
1020 922 1157 960 uicino
1180 919 1374 959 satisdart'
1392 919 1517 958 dehet
1539 919 1613 958 da-

131 983 153 1020 ⁶2
181 981 233 1020 tis
256 980 526 1032 sponsoribus
547 993 675 1032 super
697 993 742 1018 eo
765 979 878 1031 quod
900 978 1040 1018 damni
1062 977 1276 1018 acciderit.
1325 977 1382 1016 De
1405 977 1612 1015 communi

180 1039 339 1089 pariete
359 1039 551 1077 utilitatis
575 1050 696 1076 causa
719 1038 795 1075 hoc
816 1037 952 1088 coepit
973 1035 1211 1084 obseruari,
1237 1040 1283 1073 ut
1304 1033 1496 1072 aedificet
1518 1034 1613 1084 qui-

181 1094 297 1145 dem,
334 1096 449 1134 cuius
471 1093 690 1134 aedificare
714 1094 908 1143 interest,
945 1099 1113 1144 cogatur
1133 1103 1233 1130 uero
1255 1091 1389 1130 socius
1410 1090 1612 1142 portionis

179 1164 277 1191 suae
300 1153 509 1203 impensas
530 1163 768 1202 agnoscere.

649 1274 700 1328 [xl
759 1287 807 1313 DE
837 1274 1135 1324 DONArlonvs]

130 1357 143 1394 l
291 1356 460 1407 Species
478 1361 594 1394 extra
612 1354 749 1394 dotem
767 1367 789 1393 a
806 1360 936 1393 matre
958 1353 1000 1391 in
1017 1353 1214 1392 honorem
1231 1353 1471 1404 nuptiarum
1489 1364 1613 1403 prae-

177 1419 292 1452 sente
331 1412 413 1451 filia
446 1425 596 1464 genero
626 1411 803 1451 traditae
833 1410 1098 1450 donationem
1138 1409 1362 1462 perfecisse
1395 1408 1609 1448 uidentur.

126 1471 148 1508 Ξ
176 1469 365 1509 Probatio
396 1468 573 1508 traditae
604 1469 675 1508 uel
715 1481 796 1507 non
826 1467 1004 1508 traditae
1033 1467 1306 1519 possessionis
1341 1478 1423 1505 non
1454 1472 1535 1504 tam
1569 1466 1610 1504 in

176 1527 267 1566 iure
291 1539 416 1578 quam
432 1527 475 1565 in
497 1525 602 1565 facto
624 1526 831 1565 consistit:
858 1524 1035 1575 ideoque
1052 1524 1206 1563 sufficit
1228 1523 1281 1562 ad
1301 1522 1606 1575 probationem,

125 1585 146 1622 3
176 1585 210 1622 si
242 1596 329 1622 rem
364 1583 634 1635 corporaliter
664 1588 848 1622 teneant.
912 1582 1031 1620 Pater
1061 1582 1094 1620 si
1131 1581 1213 1619 filio
1245 1579 1421 1619 familias
1452 1578 1611 1631 aliquid

175 1640 395 1680 donauerit
426 1647 466 1679 et
494 1641 538 1679 in
569 1652 615 1679 ea
645 1639 858 1678 uoluntate
893 1650 1171 1690 perseuerans
1202 1637 1453 1687 decesserit,
1479 1642 1610 1675 morte

126 1699 146 1736 4
174 1698 305 1749 patris
336 1696 502 1736 donatio
535 1696 802 1736 conualescit.
867 1695 969 1735 Cum
999 1695 1221 1737 uniusrei
1243 1695 1285 1733 in
1318 1693 1422 1734 duos
1445 1693 1610 1732 donatio

174 1754 405 1805 confertur,
441 1755 577 1806 potior
598 1759 659 1793 est
690 1753 780 1803 ille,
815 1754 881 1792 cui
914 1765 981 1791 res
1009 1751 1160 1791 tradita
1190 1757 1275 1791 est:
1311 1763 1388 1790 nec
1418 1751 1605 1800 interest,

173 1812 378 1863 posterior
415 1812 449 1850 is
486 1824 539 1850 an
578 1812 693 1862 prior
733 1810 962 1862 acceperit,
1010 1815 1051 1848 et
1089 1814 1287 1860 exceptae
1318 1821 1397 1847 nec
1430 1821 1482 1846 ne
1511 1820 1609 1859 per-

124 1869 146 1906 5
174 1881 298 1907 sonae
338 1869 437 1907 sint.
499 1868 661 1907 Inuitus
694 1866 867 1906 donator
897 1866 949 1906 de
980 1866 1186 1905 euictione
1215 1867 1276 1904 rei
1307 1864 1482 1904 donatae
1512 1877 1610 1916 pro—

174 1927 339 1964 mittere
362 1937 443 1963 non
469 1925 652 1976 cogitur,
677 1937 753 1963 nec
776 1937 822 1963 eo
844 1925 1030 1974 nomine,
1058 1924 1091 1962 si
1112 1923 1364 1974 promiserit,
1392 1927 1604 1971 oneratur,

175 1983 272 2033 quia
294 1982 525 2021 lucratiuae
555 1983 615 2020 rei
638 1994 851 2034 possessor
879 1980 932 2020 ab
954 1981 1173 2019 euictionis
1203 1979 1363 2018 actione
1395 1979 1484 2031 ipsa
1506 1978 1609 2017 iuris

105 2040 149 2077 5³
173 2039 332 2078 ratione
364 2038 606 2090 depellitur.
668 2038 735 2077 *Si
766 2045 884 2090 pater
906 2038 1155 2089 emancipati
1186 2036 1260 2075 filii
1290 2036 1457 2075 nomine
1479 2034 1609 2075 dona—

171 2152 182 2159 x
190 2151 237 2159 xx·
252 2150 495 2159 ’,νωνμκκνχκωκ
502 2151 516 2157 s>
529 2150 859 2159 wurvrsssoexmmm
871 2150 907 2158 Ν
914 2152 925 2158 ,ι
934 2150 991 2157 »νυ
998 2149 1478 2158 ,ΓΛΛΛΛΙ-ΜΝ-ΛΝΨΝν-ννμ-φα
1490 2148 1587 2156 ικααυ«
1597 2150 1603 2153 a

267 2201 319 2236 41,
341 2201 391 2230 5²1.
413 2200 430 2228 6
449 2211 489 2225 =
510 2198 587 2238 Dry.
610 2199 664 2235 39,
687 2200 718 2237 5,
740 2199 780 2227 34

226 2276 352 2284 »mres
384 2276 499 2283 μήκων
510 2281 515 2282 ⁷
526 2276 557 2282 -Ιμ
569 2278 571 2280 -
590 2276 604 2282 ,ν
615 2277 625 2282 2
643 2275 687 2282 ns„
705 2277 708 2279 ι
719 2276 746 2281 βυ
782 2280 786 2281 ⁷
812 2275 848 2281 a»,
860 2276 877 2282 v
890 2275 1070 2282 wisc>NstJaexs

264 2348 281 2377 8
308 2345 555 2378 confusionem
586 2346 786 2384 scripsimus
819 2345 863 2376 ad
889 2345 1224 2384 Interpretationem,
1260 2344 1528 2385 conpititionem
1555 2342 1602 2379 M,

171 2392 434 2433 competionem
453 2392 478 2423 L
518 2391 532 2431 ΙΙ
573 2393 613 2421 40
641 2393 796 2429 expectes
812 2391 985 2422 rubricam
1004 2390 1048 2422 de
1066 2390 1197 2422 damno
1216 2389 1346 2421 infecto
1386 2388 1399 2428 ΙΙ
1442 2390 1476 2418 Η
1501 2388 1607 2419 satis-

171 2437 257 2469 dare
274 2438 402 2469 codices
441 2437 455 2478 ΙΙ
495 2436 586 2469 datis
605 2436 653 2475 M,
673 2435 803 2468 additis
820 2436 846 2467 L
897 2435 910 2475 ΙΙ
965 2438 1002 2467 13
1030 2438 1069 2467 ut
1086 2437 1180 2473 dett„
1201 2437 1241 2466 ut
1258 2444 1298 2466 ea
1318 2435 1365 2471 M,
1385 2436 1422 2465 ut
1441 2434 1509 2464 hoc
1528 2433 1553 2464 L
1595 2431 1607 2473 Η

173 2484 211 2513 44
239 2483 296 2514 cui
315 2483 443 2515 codices
495 2482 508 2523 Η
561 2484 600 2513 47
629 2491 649 2513 a
666 2490 730 2513 om.
753 2482 791 2513 M
839 2480 852 2521 ΙΙ
903 2483 1013 2513 matre
1033 2483 1080 2520 M,
1099 2484 1199 2523 patre
1217 2481 1242 2512 L
1297 2479 1310 2519 n
1369 2482 1408 2508 ⁴8
1435 2478 1604 2510 uidentur

169 2528 264 2566 dett„
283 2528 428 2560 uidetur
445 2529 492 2566 M,
511 2528 679 2560 uideatur
697 2527 722 2558 L
763 2526 776 2567 ΙΙ
819 2528 858 2557 49
884 2526 942 2558 uel
960 2536 1031 2558 non
1049 2527 1139 2559 trad.
1159 2535 1223 2558 om.
1245 2525 1282 2556 M
1326 2524 1339 2564 ΙΙ
1394 2527 1429 2554 21
1461 2525 1603 2555 teneant

169 2573 208 2612 L,
228 2575 346 2605 teneat
362 2574 411 2613 M,
437 2576 576 2606 teneam
595 2573 839 2605 Rittershusius
891 2572 905 2612 ΙΙ
959 2575 1000 2604 23
1029 2571 1171 2604 duobus
1189 2571 1317 2602 codices
1372 2570 1385 2609 l}
1441 2571 1482 2599 25
1510 2570 1539 2600 is
1557 2577 1601 2600 an

168 2619 268 2660 prior
284 2621 417 2658 scripsi,
438 2620 518 2660 quis
535 2628 580 2651 an
597 2619 698 2660 prius
717 2618 764 2657 M,
785 2618 864 2659 quis
881 2627 925 2649 an
944 2619 1004 2659 qui
1024 2619 1162 2659 primus
1181 2617 1221 2648 L:
1245 2617 1400 2655 expectes
1419 2615 1519 2646 etiam
1537 2613 1603 2645 do-

168 2665 348 2696 nationem
366 2667 444 2696 ante
461 2665 640 2706 acceperit

1641 849 1679 876 to

1640 1155 1677 1184 45

1634 1816 1675 1844 25
