1942 3081
715 143 826 148 -—-
889 121 959 159 101
1015 116 1136 148 ⁴——
1426 119 1520 151 Paul.
1542 119 1638 157 1v‚s

210 245 286 284 *ex
308 250 465 284 euentu
497 243 729 284 deficientis
757 243 1010 282 condicionis
1043 250 1083 282 ct
1103 250 1197 282 ortu
1227 244 1412 294 nepotis,
1449 245 1519 294 qui
1542 245 1640 283 uiuo

134 301 184 339 ⁴2
211 301 312 341 *auo
343 308 435 353 post
473 308 649 340 mortem
679 301 809 352 patris
840 306 962 339 natus
984 305 1060 348 est,
1094 299 1265 351 definiri
1302 306 1451 350 potest.
1517 302 1639 349 Quem

211 356 345 398 *filius
367 359 652 410 emancipatus
674 358 859 409 suscepit
888 357 956 395 uel
978 356 1206 407 adoptauit,
1232 357 1295 394 sui
1320 356 1485 394 heredis
1507 357 1638 396 locum

211 414 278 454 *in
310 417 379 455 aui
401 415 683 464 successione,
720 414 826 453 sicut
858 414 946 465 ipse
978 418 1119 464 pater,
1154 412 1343 451 obtinere
1375 425 1455 451 non
1486 420 1637 464 potest.

210 471 457 524 *adoptiuus
491 477 629 511 tamen
652 483 727 510 nec
748 470 866 522 quasi
897 476 1096 521 cognatus
1115 469 1317 508 bonorum
1340 470 1640 520 possessionem

133 527 183 565 43
210 528 336 577 *eius
361 535 506 581 petere
548 534 698 580 potest.
762 529 804 566 Si
833 528 897 566 sui
934 526 1113 566 heredes
1149 539 1231 565 non
1269 532 1389 576 sunt,
1426 525 1479 565 ad
1515 539 1642 577 agna-

211 586 297 625 *tos
319 585 504 637 legitima
535 584 748 624 hereditas
770 583 1021 636 pertinebit,
1048 585 1158 623 inter
1180 596 1283 635 quos
1305 583 1485 634 primum
1510 584 1641 622 locum

210 642 531 693 *consanguinei
562 641 766 680 obtinent.
838 642 977 693 agnati
1009 647 1147 680 autem
1179 646 1276 679 sunt
1315 640 1477 690 cognati
1508 640 1642 679 uirilis

210 698 360 739 *sexus
388 712 466 752 per
496 700 661 738 uirilem
683 711 829 738 semum
860 697 1187 747 descendentes,
1223 698 1331 736 sicut
1362 697 1472 736 filius
1504 696 1642 736 fratris

132 754 184 793 44
212 758 277 796 *et
296 762 471 808 patruus
493 762 533 795 et
555 755 755 807 deinceps
777 761 859 794 tota
880 753 1129 795 successio*
1177 755 1290 793 Inter
1321 759 1490 805 agnatos
1512 760 1552 793 et
1575 766 1642 792 co—

212 820 356 866 gnatos
378 813 455 853 hoc
480 814 673 863 interest,
706 811 818 864 quod
840 813 880 851 in
912 812 1073 863 agnatis
1096 813 1219 851 etiam
1241 812 1401 862 cognati
1424 811 1645 850 continen—

213 878 302 921 tur,
339 872 450 909 inter
481 876 673 921 cognatos
704 882 804 908 uero
835 870 971 920 agnati
1000 881 1081 908 non
1113 867 1540 919 comprehenduntur.
1603 874 1644 907 et

214 927 307 967 ideo
337 933 512 979 patruus
544 933 585 965 ct
616 933 790 978 agnatus
819 933 882 965 est
914 933 954 964 et
985 932 1204 977 cognatus,
1239 925 1474 964 auunculus
1504 931 1643 964 autem

134 982 185 1019 40
213 991 410 1036 cognatus
432 983 728 1023 tantummodo.
763 983 1091 1033 *Consanguinei
1116 988 1212 1021 sunt
1234 981 1377 1021 eodem
1399 988 1517 1033 patre
1539 982 1640 1031 nati,

211 1042 334 1080 *licet
354 1041 535 1081 diuersis
558 1040 775 1090 matribus,
801 1040 871 1091 qui
895 1041 937 1077 in
958 1045 1159 1091 potestate
1183 1038 1353 1078 fuerunt
1374 1039 1515 1077 mortis
1537 1045 1645 1077 tem—

212 1098 359 1150 *pore:
395 1097 618 1149 adoptiuus
650 1110 815 1148 quoque
839 1096 985 1147 frater,
1021 1097 1156 1135 sinon
1186 1096 1239 1134 sit
1261 1095 1568 1146 emancipatus,
1605 1101 1646 1134 et

212 1155 278 1194 *hi
302 1155 374 1207 qui
396 1161 487 1207 post
509 1160 682 1193 mortem
701 1154 829 1205 patris
850 1154 936 1193 nati
953 1160 1051 1192 sunt
1072 1153 1140 1192 uel
1158 1165 1323 1192 causam
1339 1151 1642 1204 probauerunt.

134 1210 187 1247 46
213 1213 360 1251 *Soror
390 1213 481 1251 iure
511 1211 881 1262 consanguinitatis
913 1216 996 1250 tam
1018 1209 1071 1249 ad
1105 1208 1244 1249 fratris
1266 1221 1392 1260 quam
1422 1208 1474 1248 ad
1496 1209 1645 1248 sororis

136 1267 185 1304 47
212 1268 512 1308 *hereditatem
557 1267 806 1308 admittitur.
873 1267 1202 1318 Consanguineis
1232 1279 1313 1305 non
1345 1265 1646 1305 exsistentibus

212 1326 397 1378 *agnatis
415 1324 841 1375 deferturhereditas,
862 1330 986 1376 prout
998 1325 1092 1375 quis
1109 1324 1285 1363 alterum
1303 1322 1435 1374 gradu
1450 1335 1646 1375 praeces-
1671 1334 1681 1345 ⁹

212 1382 362 1422 *serim
398 1382 510 1434 quod
531 1383 566 1421 si
588 1382 731 1434 plures
753 1381 898 1420 eodem
922 1380 1053 1433 gradu
1075 1381 1322 1430 consistunt,
1348 1381 1472 1419 simul
1494 1379 1646 1418 admit—

136 1437 188 1475 ’18
212 1439 425 1480 *tuntum*
475 1440 517 1478 Si
540 1439 624 1478 sint
656 1438 805 1478 fratres
833 1437 1020 1477 defuncti
1047 1443 1088 1477 et
1114 1437 1253 1477 fratris
1281 1437 1355 1476 filii
1381 1437 1449 1476 uel
1473 1442 1647 1488 nepotes

137 1494 186 1532 ⁴9
214 1497 337 1537 fratre
359 1509 441 1536 non
460 1497 699 1546 exsistente,
727 1495 838 1535 filius
861 1494 998 1535 fratris
1021 1494 1162 1546 nepoti
1182 1493 1432 1546 praefertur.
1481 1492 1588 1532 *Sed
1611 1494 1645 1532 si

212 1553 416 1594 *duorum
438 1552 612 1592 fratrum
634 1553 717 1592 sint
736 1551 872 1601 liberi,
898 1564 981 1591 non
1003 1552 1045 1590 in
1067 1552 1233 1603 stirpes,
1256 1550 1332 1590 sed
1354 1551 1395 1589 in
1414 1551 1549 1602 capita
1570 1550 1647 1589 he-

213 1610 393 1650 *reditas
415 1609 696 1660 distribuitur,
723 1609 882 1649 scilicet
901 1615 948 1648 ut
968 1621 1041 1660 pro
1063 1621 1238 1647 numero
1259 1608 1519 1659 singulorum
1541 1607 1647 1646 uiri-

75 1664 312 1717 QOOEQffnim
329 1666 606 1707 distribuatur
622 1665 875 1706 hereditas*
895 1666 1087 1705 Feminae
1104 1664 1155 1704 ad
1171 1665 1426 1704 hereditates
1441 1664 1647 1715 legitimas

215 1726 321 1765 ultra
341 1725 672 1775 consanguineas
687 1723 968 1763 successiones
983 1735 1064 1761 non
1083 1722 1382 1761 admittuntur:
1410 1720 1538 1772 idque
1556 1721 1646 1761 iure

218 1812 758 1822 *fllmsfflvxzvvwvvavw
1579 1809 1646 1818 ΜΛ

306 1851 338 1887 8,
360 1851 491 1880 44—20
511 1861 552 1875 =
574 1847 714 1880 Collatio
732 1850 787 1887 46,
808 1850 839 1888 3,
860 1850 992 1879 44—20

512 1916 582 1923 mlv-x
586 1915 695 1923 mum
1580 1913 1635 1919 >MA
1639 1914 1646 1919 x

307 1966 324 1993 2
353 1963 406 1994 est
421 1961 574 2002 definiri]
595 1962 677 1992 iniri
698 1961 813 2000 Collffl,
833 1961 934 1992 siniri
951 1961 1064 1993 Coll.W
1087 1960 1190 1992 Οοῑί.γ
1229 1959 1242 1999 ΙΙ
1282 1959 1401 2000 quem]
1423 1960 1526 1991 cuius
1544 1959 1648 1991 CollJ’

219 2008 345 2046 Colm',
367 2016 450 2039 cum
471 2007 574 2039 Coll.v
612 2006 626 2046 Η
668 2009 684 2037 5
712 2015 755 2038 ne
773 2007 874 2047 quasi
896 2006 1000 2038 Cotti)
1022 2005 1148 2043 Coll.W‚
1169 2014 1285 2045 neque
1301 2005 1330 2036 si
1353 2005 1456 2037 Coll.v
1496 2004 1509 2045 ΙΙ
1551 2007 1569 2035 9
1588 2013 1647 2036 se-

215 2062 301 2085 xum
319 2061 384 2084 om,
405 2053 532 2084 codices
572 2052 585 2092 ΙΙ
628 2055 662 2082 Η
686 2052 782 2092 quod
801 2060 866 2084 om.
887 2052 968 2084 Coll.
1012 2051 1026 2091 {l
1068 2053 1106 2082 43
1127 2052 1161 2082 et
1177 2050 1338 2090 agnatus]
1359 2052 1506 2091 agnatus
1528 2050 1609 2082 Coll.
1636 2048 1647 2091 ΙΙ

218 2100 259 2129 44
288 2097 548 2138 tautummodo]
567 2097 814 2129 tantummodo
833 2099 886 2129 est
907 2097 988 2129 Coll.
1031 2096 1044 2137 ΙΙ
1086 2099 1125 2127 47
1153 2104 1261 2127 causa
1278 2097 1407 2127 codices
1445 2096 1459 2136 {l
1501 2097 1540 2126 20
1566 2105 1647 2136 gra-

213 2145 302 2176 dum
321 2145 448 2175 codices
499 2143 513 2183 Η
569 2145 610 2174 22
636 2144 665 2175 si
691 2144 761 2174 sint
784 2142 910 2174 fratres
937 2141 1096 2174 defuncti
1122 2143 1157 2173 et
1179 2141 1306 2173 fratres
1330 2140 1392 2173 filii
1416 2141 1475 2173 uel
1501 2143 1647 2182 nepotes

216 2190 293 2227 ML,
322 2190 350 2221 si
377 2190 423 2221 sit
445 2188 553 2220 frater
577 2187 736 2220 defuncti
761 2189 795 2219 et
820 2187 939 2220 fratris
964 2187 1058 2219 filius
1076 2189 1111 2219 et
1128 2196 1239 2228 nepos
1261 2187 1366 2219 Coll.:
1393 2188 1422 2219 si
1441 2188 1513 2219 sint
1529 2186 1647 2218 fratris

214 2235 376 2267 defuncti
401 2237 435 2266 et
458 2234 553 2266 filius
578 2236 613 2265 et
638 2242 749 2275 nepos
772 2242 837 2265 scr.
896 2233 910 2274 11
965 2236 1007 2264 26
1030 2231 1138 2274 post§
1159 2235 1199 2264 49
1217 2233 1291 2264 edd.
1312 2242 1356 2264 ea:
1376 2233 1530 2272 Epitoma
1546 2232 1647 2272 Aegi-

214 2282 320 2312 diana
337 2282 495 2312 inserunt
511 2281 612 2311 haec:
631 2279 726 2311 filius
743 2278 862 2311 fratriS
877 2279 1037 2310 intestati
1055 2279 1127 2310 filio
1145 2279 1281 2310 sororis
1296 2278 1508 2320 praefertur,
1529 2278 1647 2309 deinde

214 2327 373 2366 supplent
390 2335 434 2357 θα)
451 2326 639 2365 Appendice
659 2328 690 2362 ⁴,
712 2328 747 2356 7:
776 2325 923 2365 legitimi
946 2324 1097 2356 heredes
1122 2325 1198 2356 iure
1222 2324 1348 2364 gallico
1375 2325 1467 2355 intra
1492 2323 1648 2354 centesi-

217 2381 316 2403 mum
342 2371 438 2403 diem
463 2372 531 2402 nisi
556 2370 711 2402 adierint
735 2370 993 2409 hereditatem,
1028 2369 1073 2402 ad
1105 2370 1288 2411 proximos
1313 2369 1438 2401 eadem
1463 2368 1646 2400 successio

216 2416 445 2457 transfertur,
467 2420 649 2456 utrumque
665 2424 732 2447 non
750 2416 861 2453 Pauli,
881 2416 940 2447 sed
957 2416 1155 2455 Interpretis
1201 2415 1215 2455 ΙΙ
1262 2414 1414 2446 feminae
1434 2438 1441 2445 .
1463 2438 1470 2445 .
1494 2438 1501 2445 .
1521 2415 1561 2444 27
1580 2412 1646 2444 ad-

217 2463 418 2503 mittuntur]
447 2463 491 2494 ad
515 2463 574 2494 hoc
598 2470 729 2493 comma
749 2463 921 2500 pertinent
944 2461 1051 2493 uerba
1068 2461 1269 2500 Appendicis
1288 2463 1319 2498 4,
1340 2462 1378 2491 9:
1408 2458 1558 2490 feminae
1579 2459 1645 2490 etsi

215 2508 311 2539 ultra
328 2509 614 2549 consanguineas
632 2507 848 2539 hereditates
865 2506 909 2538 ad
927 2507 1194 2539 successionem
1213 2506 1404 2545 legitimam
1423 2513 1494 2535 non
1512 2503 1646 2535 admit-

218 2555 363 2592 tuntur,
389 2554 627 2595 proximitatis
651 2555 769 2584 tamen
795 2552 840 2584 ad
864 2553 1131 2584 successionem
1155 2552 1276 2592 petere
1301 2559 1371 2581 non
1396 2548 1644 2590 prohibentur,

216 2607 305 2638 quae
327 2607 395 2630 ‘non
419 2603 498 2637 sunt
515 2599 628 2636 Pauli,
656 2599 713 2629 sed
732 2598 948 2637 Interpretis,
976 2599 1051 2629 licet
1077 2606 1139 2628 non
1159 2597 1318 2631 eiusdem,
1345 2604 1443 2634 quem
1467 2594 1646 2635 Wisiyothi

217 2645 476 2683 exscripserunt
515 2644 529 2684 u
568 2646 609 2675 27
638 2644 744 2684 idque
764 2644 838 2682 ML,
861 2643 895 2675 id
912 2643 1009 2684 quod
1031 2643 1147 2682 ΟΜΝ),
1168 2641 1203 2672 hi
1220 2641 1317 2681 quod
1339 2640 1451 2672 Coll.W

1669 761 1709 788 ’10

1671 1045 1711 1075 45

1672 1614 1715 1643 25
