1966 3081
1612 167 1618 179 1

711 186 822 193 ..-
884 167 930 204 31
995 187 1108 193 -.-
1489 166 1621 205 le.:¹.=·

110 293 162 331 22
189 306 209 330 a
243 296 360 343 patre
384 302 521 340 neque
553 303 575 328 a
607 288 772 328 domino
808 289 932 339 legari
967 295 1114 340 potest.
1157 289 1307 328 Hei-edi
1338 304 1360 328 a
1383 297 1512 329 semet
1540 291 1625 341 ipso

110 350 160 388 23

189 348 314 400 legari
335 360 415 386 non
437 353 588 398 potest.
641 346 711 395 Ei,
738 346 808 396 qui
833 346 873 383 in
905 351 1104 396 potestate
1129 358 1253 385 manu
1285 347 1543 398 mancipioue
1568 355 1625 386 est

188 405 332 456 scripti
355 403 545 452 heredis,
572 401 651 441 sul)
681 401 920 441 condicione
952 402 1079 453 legari
1103 408 1260 453 potest,
1296 409 1342 441 ut
1372 404 1620 454 requiratur,

189 474 270 513 quo
301 468 486 512 tempore
508 459 598 499 dies
630 459 749 509 legati
783 457 907 509 cedit,
943 459 983 496 in
1015 465 1218 510 potestate
1249 459 1415 498 heredis
1446 473 1527 498 non
1557 461 1622 498 sit.

109 520 160 557 24
190 519 257 568 Ei,
293 518 411 556 cuius
435 518 475 555 in
506 522 706 568 potestate
740 528 863 554 manu
894 516 1154 567 mancipioue
1185 523 1247 555 est
1277 517 1397 555 heres
1429 517 1621 567 scriptus,
1655 526 1671 553 Γ»

113 2113 163 2150 33

191 575 316 626 legari
344 573 456 626 [non]
484 579 631 625 potest.

303 632 417 670 Sicut
449 630 636 682 singulae
662 642 725 668 res
759 629 886 680 legari
910 635 1104 681 possunt,
1133 630 1184 668 ita
1211 630 1502 669 uniuersarum
1526 643 1629 681 quo—

189 701 270 740 que
293 700 453 727 summa
474 687 603 739 legari
627 692 782 738 potest⁷
810 693 855 725 ut
879 693 975 738 puta
1007 686 1076 725 hoc
1099 686 1241 726 modo:
1279 699 1396 725 nenas
1428 700 1523 726 iissvs
1554 701 1626 726 cvm

188 747 301 784 Tmo
326 757 591 784 unknown-mi
615 757 720 782 mmm
742 756 958 794 mauron,
984 755 1182 782 DIVIDITOt
1218 756 1298 795 quo
1333 757 1429 783 casu
1460 743 1627 784 dimidia

188 815 283 854 pars
302 801 504 841 honorum
526 802 658 852 legata
681 801 866 839 uidetur.
902 807 1036 852 potest
1058 807 1196 840 autem
1215 807 1255 839 et
1276 801 1356 840 alia
1378 814 1487 853 pars7
1514 802 1627 841 uelut

190 859 309 898 tertia
333 859 397 898 uel
422 865 583 909 quarta7
610 858 754 909 legari.
800 870 905 908 quae
929 858 1088 909 species
1111 859 1279 909 partitio
1301 859 1545 910 appellatur.

301 916 573 955 Vsusfructus
603 915 733 966 legari
754 920 889 966 potest
912 915 1000 953 iure
1025 915 1135 954 ciuili
1168 927 1311 954 earum
1335 928 1499 964 rerum⁷
1527 928 1630 967 qua—

190 986 281 1012 rum
313 973 427 1012 salua
450 972 685 1011 substantia
717 971 863 1010 utendi
888 971 1054 1010 fruendi
1085 978 1219 1023 potest
1242 985 1333 1011 esse
1356 972 1551 1012 facultas:
1590 981 1626 1012 et

191 1037 270 1069 tani
301 1030 562 1081 singularum
593 1041 730 1068 rerum
762 1041 886 1079 quam
908 1029 1112 1079 plurium,
1149 1030 1237 1068 item
1260 1030 1406 1079 partis.
1453 1031 1630 1069 Senatus

188 1087 374 1126 consulto
397 1092 562 1126 cautum
585 1092 660 1135 est,
687 1092 746 1135 ut,
773 1086 933 1124 etiamsi
957 1098 1099 1124 earum
1124 1099 1280 1135 rerum,
1307 1099 1410 1137 quae
1431 1087 1472 1124 in
1495 1086 1630 1126 abusu
1681 1095 1695 1121 ἴ

189 1145 476 1192 continentur,
502 1149 549 1182 ut
570 1149 668 1194 puta
692 1143 781 1181 uini
804 1143 880 1181 olei
905 1143 1053 1191 tritici⁷
1079 1142 1345 1182 ususfructus
1376 1144 1536 1194 legatus
1559 1145 1625 1192 sit7

190 1201 386 1253 legatario
409 1213 475 1239 res
498 1199 733 1248 tradantur,
760 1199 1023 1238 cautionibus
1047 1200 1304 1251 interpositis
1328 1200 1379 1238 de
1404 1202 1629 1240 restituen-

188 1258 254 1297 dis
276 1259 351 1307 eis⁷
379 1270 472 1296 cum
494 1255 760 1296 ususfructus
783 1256 835 1295 ad
858 1257 1103 1307 legatarium
1126 1257 1339 1308 pertinere
1362 1257 1551 1296 desierit.

303 1314 548 1353 Ciuitatibus
581 1312 796 1361 omnibus,
836 1325 941 1364 quae
981 1313 1060 1352 sul)
1090 1314 1264 1365 imperio
1296 1315 1436 1365 populi
1463 1316 1626 1353 Romani

188 1378 306 1421 sunt,
334 1372 461 1423 legari
485 1378 638 1423 potest:
676 1370 803 1421 idque
825 1383 847 1409 a
871 1370 968 1409 diuo
990 1371 1126 1409 Nerua
1148 1371 1453 1421 introductum,
1488 1378 1629 1423 postea

188 1442 208 1468 a
233 1436 381 1468 senatu
402 1435 565 1467 auctore
590 1428 795 1467 Hadriano
818 1427 1062 1479 diligentius
1084 1429 1354 1467 constitutum
1377 1435 1455 1468 est.

302 1488 512 1536 Legatum,
540 1484 651 1536 quod
673 1484 816 1523 datum
834 1491 908 1533 est,
935 1484 1062 1523 adimi
1084 1492 1219 1536 potest
1241 1486 1308 1524 uel
1333 1485 1478 1524 eodem
1501 1492 1629 1524 testa—

191 1550 326 1582 mento
343 1543 411 1581 uel
427 1542 629 1582 codicillis
647 1548 892 1580 testamento
917 1541 1182 1591 confirmatis,
1210 1541 1308 1581 dum
1326 1548 1463 1581 tamen
1482 1542 1627 1581 eodeni

188 1599 308 1639 modo
330 1599 553 1649 adimatur,
579 1611 660 1650 quo
683 1598 802 1637 modo
825 1598 967 1637 datum
991 1606 1066 1637 est.

301 1656 365 1695 Ad
389 1656 581 1695 heredem
604 1656 791 1707 legatarii
822 1656 956 1707 legata
980 1668 1059 1694 non
1083 1656 1204 1694 aliter
1226 1662 1466 1705 transeunt⁷
1495 1657 1572 1695 nisi
1596 1657 1629 1694 si
1680 1666 1693 1691 .’

191 1715 270 1753 iam
292 1713 359 1752 die
383 1713 608 1764 legatorum
639 1712 813 1751 cedente
841 1713 1063 1764 legatarius
1085 1712 1324 1751 decesserit.
1372 1715 1626 1763 Legatoruni,

189 1784 296 1822 quae
325 1783 429 1822 pure
451 1770 521 1809 uel
552 1771 593 1808 in
617 1769 727 1808 diem
758 1776 919 1809 certum
944 1770 1087 1808 relicta
1119 1776 1239 1819 sunt7
1267 1769 1357 1808 dies
1390 1769 1497 1808 cedit
1521 1771 1630 1809 anti-

189 1840 269 1879 quo
291 1826 461 1879 quidem
485 1827 576 1865 iure
599 1839 651 1865 ex
673 1827 817 1865 mortis
839 1827 1047 1865 testatoris
1069 1833 1268 1877 tempore,
1303 1840 1378 1878 per
1399 1828 1532 1878 legem
1555 1840 1631 1866 au—

191 1891 272 1924 tem
297 1885 464 1936 Papiam
487 1885 714 1935 Poppaeam
746 1897 797 1923 ex
828 1885 984 1934 apertis
1016 1883 1168 1922 tabulis
1199 1885 1459 1933 testamenti,
1487 1897 1631 1923 eorum

190 1954 303 1991 uero,
329 1953 435 1992 quae
457 1940 536 1979 sub
553 1940 793 1979 condicione
817 1941 958 1979 relicta
977 1948 1088 1989 sunt7
1115 1954 1206 1979 cum
1230 1940 1413 1980 condicio
1431 1942 1627 1980 extiterit.

306 2000 387 2037 Lex
407 1997 585 2036 Falcidia
619 1998 733 2037 iubet
756 2010 837 2036 non
860 1998 954 2049 plus
986 2010 1111 2049 quam
1134 1997 1380 2036 dodrantem
1407 1999 1532 2037 totius
1556 2012 1630 2049 pa-

192 2055 375 2094 trimonii
397 2055 547 2106 legari,
584 2061 629 2094 ut
652 2055 762 2093 omni
794 2054 913 2093 modo
937 2055 1150 2106 quadrans
1184 2056 1346 2106 integer
1375 2055 1487 2106 apud
1510 2056 1631 2094 here—

193 2112 288 2152 dem
324 2119 552 2150 remaneat.
621 2113 865 2163 Legatorum
902 2124 1126 2163 perperam
1167 2112 1393 2151 solutorum
1440 2113 1631 2164 repetitio

194 2182 275 2208 non
298 2176 373 2208 est.

268 2315 406 2324 (sn-»stus
435 2322 439 2323 γ

290 2422 300 2449 ‘t
335 2421 433 2460 ipae
456 2419 497 2451 Ca
533 2418 535 2455 ξ
588 2421 602 2448 4
624 2419 725 2459 legati
748 2417 790 2450 Ch
810 2429 946 2457 ¹manus
965 2421 1102 2456 altera',
1125 2421 1236 2460 liga-*f
1257 2421 1297 2452 Ca
1320 2418 1332 2462 ΙΙ
1365 2420 1444 2451 nonl
1469 2430 1511 2451 ne
1530 2430 1595 2449 ,sc-r.

196 2468 213 2496 6
242 2474 310 2496 non
330 2466 393 2496 del.
419 2464 589 2500 Cuiacc'us,
611 2465 652 2504 cf.
678 2464 753 2496 Gai.
775 2468 808 2498 2
830 2468 894 2497 245
927 2464 940 2508 ΙΙ
974 2470 990 2496 s
1010 2465 1076 2497 hoc
1098 2466 1177 2502 Erb,
1199 2476 1262 2497 om.
1289 2466 1312 2497 C
1343 2464 1355 2507 ΙΙ
1387 2469 1403 2496 9
1424 2467 1552 2505 partito
1575 2467 1599 2496 C
1622 2464 1633 2506 Η

197 2513 230 2541 Μ
267 2510 467 2551 appellatur
497 2511 527 2541 in
560 2519 670 2541 uacuo
699 2512 809 2549 spatio
839 2520 858 2541 a
889 2510 913 2542 C
940 2512 1056 2542 relicto
1086 2512 1196 2550 suppl.
1231 2520 1352 2541 ›nwzus
1379 2520 1467 2541 saer.
1500 2510 1578 2541 ΧΗ
1624 2515 1625 2522 ’

198 2559 236 2586 13
264 2555 499 2587 substantiam
522 2555 546 2588 C
577 2553 588 2597 ΙΙ
623 2558 661 2586 44
681 2556 876 2596 plurimum
899 2556 923 2587 C
953 2554 966 2598 Η
1000 2557 1083 2588 item
1103 2557 1212 2590 Heise,
1235 2557 1267 2587 id
1288 2560 1339 2586 est
1364 2556 1388 2587 C
1419 2554 1430 2596 Η
1463 2557 1553 2596 palis
1576 2557 1600 2587 C
1622 2556 1634 2597 Η

196 2602 309 2633 sinato
333 2600 356 2632 C
394 2599 406 2644 ΙΙ
448 2604 485 2632 15
512 2610 621 2642 quam
643 2601 669 2633 C
705 2599 718 2643 Η
759 2603 798 2632 ’19
825 2601 947 2642 populi
969 2603 1104 2633 romani
1129 2602 1298 2633 Calavius,
1321 2602 1536 2642 praetoriani
1559 2600 1582 2632 C
1622 2602 1634 2642 Η

198 2648 238 2676 26
266 2646 474 2686 legatorum]
503 2646 709 2685 legatarium
734 2647 757 2677 ζἸ
795 2645 807 2688 Η
848 2649 888 2677 :lv
915 2656 1066 2688 popeant
1102 2656 1289 2688 pompeam
1308 2648 1355 2681 (Ἴ
1389 2656 1536 2686 palmam
1559 2648 1583 2678 ζ’

199 2693 238 2721 32
265 2691 449 2732 legarinu
472 2691 513 2723 Οἱ

1661 811 1696 837 lt)

1656 1380 1695 1408 20

1658 1951 1697 1978 30
