1942 3081
687 178 799 183 -..
858 156 908 195 97
969 179 1080 184 -—
1317 157 1604 196 Paul.1v‚3—5,

117 281 139 319 3
167 279 208 318 in
232 279 655 319 fideicommissarium
686 278 853 318 dantur.
920 281 1000 318 Lex
1022 279 1198 318 Falcidia
1230 281 1410 332 itemque
1433 289 1602 321 senatus

167 336 400 376 consultum
424 337 691 387 Pegasianum
722 334 901 375 deducto
923 337 1033 375 omni
1057 349 1153 375 aere
1177 337 1310 375 alieno
1340 337 1597 389 deorumque

165 391 284 432 donis
306 400 496 444 quartam
519 392 710 432 residuae
732 392 975 431 hereditatis
998 392 1049 432 ad
1082 392 1277 432 heredem
1308 394 1439 433 uoluit
1469 397 1600 446 perti-

116 452 137 490 4
164 461 280 489 nere.
324 450 403 496 Qui
424 456 549 489 totam
571 448 844 488 hereditatem
868 450 1063 500 restituit,
1089 462 1181 488 cum
1204 457 1392 501 quartam
1416 452 1597 490 retinere

165 518 217 545 ex
247 507 469 558 Pegasiano
505 505 742 556 debuisset,
777 507 812 545 si
842 519 923 545 non
946 508 1373 558 retineat,'repetere
1404 520 1491 547 eam
1516 521 1594 547 non

154 569 311 614 potest.
347 575 423 602 nec
439 563 549 602 enim
573 562 805 602 indebitum
824 564 999 603 soluisse
1014 563 1184 603 uidetur
1200 564 1271 615 qui
1290 564 1455 616 plenam
1473 564 1595 604 fidem

162 619 357 660 defuncto
379 627 591 672 praestare
615 620 773 659 maluit.

524 743 576 796 [iv
633 757 680 783 DE
710 757 950 783 REPVDIANDA
982 744 1230 797 ananelum]

114 826 127 863 1
274 823 466 863 Recusari
496 824 708 863 hereditas
737 836 818 862 non
843 830 1004 862 tantum
1027 823 1194 874 uerbis,
1228 823 1301 863 sed
1324 830 1363 863 et
1393 837 1437 863 re
1459 832 1595 876 potest

111 883 134 920 2
161 885 201 918 et
221 880 300 919 alio
323 882 472 932 quouis
495 881 646 920 indicio
668 881 909 920 uoluntatis.
969 881 1097 920 Heres
1120 893 1194 932 per
1216 882 1481 932 magistratus
1502 894 1595 921 mu-

158 937 359 989 nicipales
390 950 441 976 ex
462 939 703 978 auctoritate
724 936 926 990 praesidis
949 937 1327 977 fideicommissario
1358 938 1593 990 postulante

109 997 131 1034 3
159 993 437 1033 hereditatem
468 994 584 1034 adire
616 1002 656 1034 et
687 995 909 1034 restituere
941 995 1218 1046 compellitur.
1283 995 1594 1034 Fideicommis-

157 1051 291 1090 sarius
313 1052 345 1090 si
368 1051 561 1091 adfirmet
591 1052 791 1091 heredem
813 1051 921 1089 nolle
952 1050 1068 1090 adire
1092 1051 1391 1103 hereditatem,
1419 1052 1592 1092 absente

159 1119 206 1146 eo
229 1108 437 1160 interponi
468 1108 682 1148 decretum
707 1115 745 1148 et
769 1109 811 1147 in
841 1108 1146 1159 possessionem
1170 1109 1276 1147 mitti
1309 1109 1400 1148 iure
1423 1108 1592 1148 deside—

110 1168 130 1205 4
158 1170 235 1203 rat.
299 1165 543 1217 Suspectam
566 1165 840 1205 hereditatem
864 1164 978 1204 adire
1001 1166 1237 1216 compulsus
1259 1166 1395 1205 omnia
1419 1179 1471 1205 ex
1492 1167 1592 1205 Tre—

155 1220 335 1260 belliano
357 1223 555 1262 restituit.

545 1345 582 1398 [v
639 1359 687 1384 DE
719 1359 952 1386 morrmlosr
984 1346 1192 1400 QVERELLA]

114 1427 122 1465 l
269 1424 545 1465 Inofficiosum
575 1425 730 1465 dicitur
758 1431 1077 1475 testamentum,
1118 1425 1229 1477 quod
1260 1425 1415 1466 frustra
1443 1426 1590 1466 liberis

155 1481 422 1522 exheredatis
442 1496 525 1522 non
556 1495 607 1522 ex
629 1482 761 1521 officio
789 1483 956 1534 pietatis
978 1482 1147 1522 uidetur
1176 1496 1266 1522 esse
1295 1484 1584 1535 conscriptum.

105 1542 128 1580 Ξ
156 1540 247 1578 Post
268 1539 422 1580 factum
445 1553 466 1579 a
497 1546 627 1579 matre
648 1545 942 1579 testamentum
966 1540 1076 1578 filius
1098 1546 1363 1591 procreatus,
1390 1553 1471 1579 non
1495 1554 1587 1579 mu-

154 1602 238 1635 tata
265 1596 316 1635 ab
339 1609 387 1636 ea
403 1610 496 1636 cum
518 1603 653 1648 posset
682 1597 909 1647 uoluntate,
937 1595 989 1636 ad
1016 1597 1252 1648 exemplum
1278 1598 1494 1649 praeteriti
1522 1599 1589 1636 in-

104 1655 126 1693 3
154 1652 322 1692 officiosi
338 1654 567 1704 querellam
590 1659 701 1693 recte
718 1654 911 1692 instituit.
946 1655 1272 1704 Testamentum,
1293 1655 1335 1692 in
1353 1667 1434 1706 quo
1453 1655 1588 1706 impe-

154 1716 265 1749 rator
285 1710 406 1749 heres
428 1711 608 1762 scriptus
630 1716 706 1759 est,
732 1710 1006 1749 inofficiosum
1028 1711 1144 1762 argui
1167 1717 1328 1762 potest:
1355 1724 1450 1750 eum
1473 1713 1585 1750 euim

154 1767 226 1818 qui
247 1767 361 1818 leges
383 1766 480 1807 facit
507 1769 598 1819 pari
621 1768 835 1807 maiestate
866 1767 1031 1818 legibus
1051 1767 1341 1820 obtemperare
1372 1769 1581 1807 conuenit.

105 1827 125 1864 4
153 1824 230 1870 Qui
253 1823 524 1864 inofficiosum
555 1824 697 1863 dicere
728 1837 808 1863 non
839 1830 993 1875 potest,
1028 1825 1302 1864 hereditatem
1329 1832 1473 1877 petere
1502 1838 1584 1864 non

103 1882 125 1920 5
151 1880 411 1932 prohibetur.
464 1882 527 1920 Ex
549 1894 639 1921 asse
661 1882 784 1920 heres
805 1881 1020 1920 institutus
1043 1881 1316 1921 inofficiosum
1339 1881 1479 1922 dicere
1501 1895 1583 1921 non

153 1943 307 1989 potest:
332 1951 410 1977 nec
430 1939 618 1989 interest,
647 1938 846 1978 exhausta
863 1951 940 1977 nec
956 1951 1008 1978 ne
1032 1940 1084 1977 sit
1105 1939 1331 1990 hereditas,
1358 1952 1451 1978 cum
1474 1938 1585 1990 apud

153 2007 247 2033 eum
269 2000 415 2046 quarta
445 2002 514 2035 aut
535 1996 638 2047 legis
659 1995 862 2035 Falcidiae
884 2001 954 2034 aut
975 2001 1144 2035 senatus
1173 1996 1348 2035 consulti
1370 1997 1583 2048 pegasiani

104 2054 125 2091 6
151 2050 353 2090 beneficio
374 2052 427 2090 sit
447 2065 704 2092 remansura.
759 2053 937 2098 Quartae
959 2053 1162 2103 portionis
1183 2053 1317 2104 portio
1339 2053 1483 2092 liberis
1506 2053 1583 2092 de-

152 2108 274 2147 ducto
306 2120 403 2148 aere
432 2109 566 2148 alieno
597 2116 637 2148 et
667 2109 825 2148 funeris
857 2109 1046 2159 impensa
1073 2109 1325 2160 praestanda
1348 2117 1427 2161 est,
1460 2116 1506 2149 ut
1528 2110 1579 2149 ab

152 2165 367 2204 inofficiosi
389 2166 575 2216 querella
598 2165 888 2205 excludantur.
952 2165 1166 2206 libertates
1187 2179 1353 2218 quoque
1376 2180 1465 2206 eam
1485 2180 1581 2218 por-

101 2221 125 2261 7
150 2223 306 2261 tionem
328 2222 517 2262 minuere
539 2223 689 2274 placet.
742 2223 868 2261 Filius
888 2222 1042 2261 iudicio
1068 2224 1198 2275 patris
1219 2224 1252 2262 si
1274 2224 1413 2263 minus
1435 2231 1582 2275 quarta

154 2345 229 2354 ,κων
239 2345 333 2353 amns-v
341 2345 546 2353 J—Q-xsffvxrsstsJ
555 2345 718 2353 'VVVV>*‘»71*s—<fo
731 2345 734 2347 <
750 2345 1098 2354 soetnsssNes-oexwfoefxss
1112 2348 1129 2354 η
1145 2347 1181 2354 fs
1187 2346 1243 2354 ‘trs
1254 2347 1352 2355 fs»>.ff
1367 2348 1389 2353 xl
1405 2351 1407 2353 .
1423 2352 1427 2353 .
1454 2347 1465 2353 κ

243 2404 274 2442 4,
297 2405 308 2434 4
333 2416 374 2430 =
393 2403 472 2444 Περ.
492 2405 546 2443 29,
570 2405 600 2442 2,
623 2405 662 2434 95

150 2491 633 2501 „xx-Nmrffljwwaxvqu
663 2493 690 2499 :e
704 2496 707 2498 .
728 2498 733 2499 ⁷
749 2492 834 2499 ..numm
844 2493 935 2500 xw..›»›
946 2494 1098 2501 mnsssxnuu
1120 2495 1143 2501 κ»

243 2587 260 2615 5
287 2584 316 2615 si
341 2593 411 2616 non
438 2585 588 2615 retineat
613 2585 675 2615 del.
709 2583 866 2616 Cuiacius
929 2584 942 2625 ΙΙ
1007 2587 1045 2616 19
1082 2585 1326 2625 conscriptum
1351 2585 1453 2622 dett,
1489 2592 1577 2615 con-

151 2630 282 2671 scripta
301 2630 364 2661 ML
419 2629 432 2670 Η
488 2632 523 2659 :21
555 2630 667 2670 possit
685 2630 721 2666 L,
744 2630 787 2660 sit
807 2629 843 2660 M
896 2628 909 2670 11
964 2631 1005 2661 24
1034 2631 1204 2662 conuenit
1222 2630 1259 2663 L,
1287 2629 1475 2660 conueniet
1492 2630 1529 2660 M
1567 2629 1578 2672 l}

151 2678 191 2706 25
220 2684 290 2706 non
308 2678 386 2706 ante
402 2677 518 2716 potest
538 2676 599 2706 del.
623 2674 808 2706 Sicharclus
824 2677 887 2706 uioe
902 2679 993 2707 reete
1041 2677 1053 2716 ΙΙ
1102 2678 1141 2706 32
1168 2676 1281 2716 placet
1302 2675 1348 2713 M,
1369 2674 1501 2715 placuit
1519 2675 1544 2706 L

1282 2732 1298 2761 7

1622 891 1661 919 40

1624 1175 1658 1204 ¹5

1614 1550 1653 1578 20

1610 1835 1651 1864 25

1607 2119 1646 2147 30
