1942 3081
311 97 408 129 Paul.
431 98 471 134 v,
492 99 545 128 33.
568 98 607 127 34
815 119 928 125 —,-
992 96 1069 136 136
1129 119 1242 126 —-

458 221 595 274 [xxxm
656 235 704 260 DE
736 234 985 262 CAVTIONIBVS
1020 236 1062 262 ΕΤ
1096 235 1229 262 POENIS
1260 222 1589 274 APPELLAUONVM]

264 304 277 341 l
425 302 482 341 Ne
499 301 678 341 liberum
692 303 785 353 quis
798 308 838 340 et
855 303 1035 342 solutum
1047 302 1217 342 haberet
1231 302 1450 341 arbitrium
1462 300 1746 341 retractandae

311 365 351 398 et
375 358 633 399 reuocandae
651 360 880 398 sententiae
897 390 904 407 ⁷
932 367 971 398 et
989 372 1145 411 poenae
1164 367 1202 399 et
1221 367 1403 411 tempora
1421 357 1746 411 appellatoribus

309 417 556 467 praestituta
588 423 698 456 sunt.
764 416 874 468 quod
896 418 976 456 nisi
999 418 1106 456 iuste
1128 417 1454 469 appellauerint‚
1489 423 1672 467 tempora
1693 415 1745 455 ad

309 472 547 513 cauendum
569 475 611 512 in
634 486 765 525 poena
787 474 1076 525 appellationis
1099 475 1285 525 quinque
1317 473 1481 513 dierum
1505 474 1746 523 praestituta

308 537 420 570 sunt.
458 531 580 583 igitur
602 543 762 570 morans
786 531 827 569 in
852 544 897 569 eo
920 532 1004 570 loco
1021 561 1031 580 ‚
1059 530 1131 570 ubi
1152 532 1403 582 appellauit,
1429 543 1576 570 cauere
1599 529 1740 580 debet,

307 594 353 627 ut
370 600 422 626 ex
437 587 506 627 die
524 594 784 638 acceptarum
807 588 1035 627 litterarum
1058 589 1242 627 continui
1259 590 1444 639 quinque
1467 587 1557 627 dies
1574 599 1744 638 compu-

307 651 468 684 tentur:
498 646 532 683 si
559 657 659 684 uero
683 645 860 696 longius,
886 645 1001 684 salua
1018 644 1352 685 dinumeratione
1371 646 1537 684 interim
1558 645 1746 696 quinque

259 704 282 742 2
310 701 400 741 dies
422 715 515 741 cum
539 715 585 741 eo
609 702 696 753 ipso
719 714 799 752 quo
822 701 978 741 litteras
1001 703 1208 754 acceperit
1231 709 1536 754 computantur.
1572 703 1627 741 Ne
1651 703 1747 753 quis

310 760 353 797 in
381 760 611 810 captionem
643 758 869 798 uerborum
899 760 941 797 in
966 758 1150 798 cauendo
1174 759 1348 809 incidat,
1384 758 1744 811 expeditissimum

309 823 371 855 est
401 828 579 867 poenam
609 816 741 867 ipsam
770 816 839 855 uel
868 815 971 867 quid
993 816 1108 856 aliud
1130 829 1202 868 pro
1236 829 1285 856 ea
1306 815 1538 868 deponere:
1574 828 1745 856 necesse

309 874 422 912 enim
454 885 536 912 non
567 872 691 912 habet
727 885 968 925 sponsorem
999 874 1093 925 quis
1124 874 1194 913 uel
1223 873 1510 913 fideiussorem
1547 873 1645 912 dare
1676 879 1746 912 aut

307 942 506 982 praesens
538 942 650 970 esse:
686 936 727 969 et
757 931 791 969 si
822 938 963 970 contra
985 943 1079 970 eum
1100 929 1225 970 fuerit
1247 931 1579 983 pronuntiatum⁷
1607 929 1745 982 perdit

259 989 281 1027 3
309 986 421 1039 quod
460 986 668 1039 deposuit.
742 988 942 1034 Quotiens
980 989 1021 1026 in
1058 1001 1190 1040 poena
1227 988 1519 1040 appellationis
1555 994 1742 1035 cauetur,

310 1051 393 1084 tam
424 1057 534 1083 unus
563 1057 687 1096 quam
718 1044 860 1096 plures
883 1044 1162 1093 fideiussores,
1189 1047 1223 1085 si
1246 1045 1388 1084 idonei
1410 1046 1513 1095 sint,
1541 1044 1628 1084 dari
1650 1057 1749 1096 pos-

310 1107 427 1141 sunt:
455 1101 607 1140 sufficit
623 1103 735 1141 enim
754 1102 877 1141 etiam
900 1115 976 1154 per
990 1115 1121 1142 unum
1145 1102 1342 1142 idoneum
1365 1101 1633 1141 indemnitati
1645 1114 1746 1154 poe—

261 1161 281 1199 4
309 1171 387 1198 nae
419 1159 591 1198 consuli.
656 1159 698 1197 Si
730 1159 871 1210 plures
901 1160 1136 1211 appellant7
1171 1173 1255 1199 una
1277 1160 1412 1199 cautio
1435 1158 1611 1209 sufficit,
1649 1165 1691 1198 et
1711 1160 1744 1197 si

259 1218 282 1255 5
310 1228 420 1256 unus
441 1222 600 1266 caueat,
627 1216 821 1255 omnibus
843 1217 989 1256 uincit.
1025 1217 1127 1256 Cum
1151 1230 1173 1256 a
1195 1216 1388 1269 pluribus
1411 1217 1628 1256 sententiis
1650 1228 1747 1268 pro-

308 1278 492 1322 uocatur,
521 1273 708 1324 singulae
727 1274 940 1312 cautiones
961 1273 1191 1325 exigendae
1214 1281 1310 1313 sunt
1329 1280 1367 1313 et
1385 1273 1435 1313 de
1454 1274 1631 1325 singulis
1647 1285 1748 1325 poe-

260 1334 282 1369 6
310 1331 376 1369 nis
397 1329 690 1382 spondendum
713 1337 788 1369 est.
852 1330 994 1370 Modus
1016 1344 1189 1382 poenae,
1218 1332 1260 1370 in
1283 1344 1365 1382 qua
1387 1332 1481 1382 quis
1503 1343 1651 1371 cauere
1673 1329 1748 1369 de-

310 1386 403 1437 bet,
439 1387 679 1439 specialiter
700 1388 743 1425 in
766 1389 954 1427 cautione
977 1387 1278 1439 exprimendus
1302 1394 1387 1435 est,
1423 1394 1467 1427 ut
1490 1388 1562 1437 sit,
1599 1389 1642 1426 in
1666 1399 1745 1438 qua

310 1445 521 1496 stipulatio
543 1445 842 1484 committatur:
871 1445 993 1483 aliter
1009 1446 1121 1484 enim
1144 1453 1254 1484 recte
1272 1446 1432 1484 cauisse
1455 1447 1535 1483 non
1560 1443 1743 1484 uidetur.

259 1505 281 1542 7
309 1500 509 1540 Adsertor
519 1502 552 1540 si
569 1508 778 1553 prouocet,
802 1502 843 1540 in
862 1502 953 1541 eius
971 1502 1081 1541 modi
1099 1503 1262 1541 tertiam
1274 1515 1423 1541 cauere
1441 1501 1580 1551 debet,
1602 1501 1746 1553 quanti

259 1562 282 1598 8
309 1571 430 1598 causa
461 1559 677 1598 aestimata
706 1566 781 1598 est.
845 1558 914 1598 *In
947 1559 1139 1599 omnibus
1168 1560 1423 1611 pecuniariis
1453 1560 1587 1598 causis
1619 1559 1748 1610 magis

309 1615 410 1664 *est‚
439 1622 484 1656 ut
508 1616 549 1655 in
572 1616 738 1655 tertiam
761 1622 923 1668 partem
947 1617 1036 1656 eius
1060 1618 1262 1669 pecuniae
1285 1615 1522 1656 caueatur.*

673 1741 800 1794 [xxxiv
860 1754 906 1780 DE
938 1755 1109 1781 LirTEius
1140 1743 1384 1793 DIMISSORHS]

261 1824 275 1861 4
423 1819 486 1860 Ab
508 1834 576 1871 eo,
612 1835 635 1860 a
657 1833 738 1873 quo
769 1822 1025 1873 appellatum
1049 1829 1132 1871 est,
1160 1821 1213 1861 ad
1236 1834 1356 1867 eum.v
1392 1823 1464 1872 qui
1487 1820 1539 1861 de
1562 1821 1750 1873 appella—

308 1879 420 1917 tione
456 1879 697 1930 cogniturus
729 1885 810 1927 est‚
850 1879 1013 1918 litterae
1046 1878 1305 1918 dimissoriae
1338 1878 1599 1930 diriguntur,
1641 1890 1749 1930 quae

309 1935 434 1987 uulgo
457 1936 629 1987 apostoli
651 1936 940 1988 appellantur:
975 1949 1151 1988 quorum
1175 1936 1395 1988 postulatio
1418 1943 1457 1975 et
1479 1936 1662 1987 acceptio
1684 1936 1752 1974 in-

259 1995 283 2033 2
310 1999 371 2032 tra
393 1993 585 2044 quintum
609 1993 721 2032 diem
744 2005 797 2031 ex
818 1992 951 2032 officio
974 1993 1163 2032 facienda
1187 2000 1262 2032 est.
1329 1994 1408 2039 Qui
1430 1994 1538 2032 intra
1561 1998 1747 2044 tempora

310 2050 558 2102 praestituta
581 2049 838 2089 dimissorias
859 2063 942 2089 non
965 2050 1236 2102 postulauerit
1253 2051 1321 2089 uel
1338 2051 1546 2102 acceperit
1562 2049 1631 2089 uel
1653 2048 1752 2088 red-

310 2106 477 2156 diderit,
505 2108 830 2159 praescriptione
854 2106 906 2146 ab
929 2107 1088 2159 agendo
1119 2107 1395 2147 submouetur
1416 2114 1455 2146 et
1476 2119 1652 2159 poenam
1674 2119 1750 2158 ap-

308 2164 545 2216 pellationis
567 2163 720 2203 inferre
743 2170 925 2216 cogetur.

402 2337 456 2374 33,
475 2337 492 2366 8
507 2337 663 2367 restituta
679 2338 727 2366 est
744 2344 788 2366 ea>
802 2335 861 2366 ΑΕ
875 2339 905 2367 et
918 2344 962 2367 ea:
975 2337 1086 2368 codice
1104 2336 1280 2368 Vesontino
1303 2335 1449 2373 (Cuiacii
1467 2335 1605 2367 Obseru.
1619 2336 1654 2364 24
1669 2359 1675 2371 ,
1693 2335 1745 2373 22)

420 2428 434 2433 v
441 2426 584 2433 »«u*2‹,vx—«
594 2425 613 2433 «ἢ
620 2425 771 2433 ‹essqxzvmu
777 2425 792 2432 κ
809 2430 813 2432 ,
829 2428 837 2432 .
843 2425 857 2431 *⁴
863 2425 1195 2433 urauws-«Nv-»sfaessua
1201 2426 1237 2433 a«,
1243 2425 1397 2433 vasu-«was
1517 2424 1736 2432 vvvxwwmsw«
1743 2428 1748 2432 .

403 2498 419 2526 3
447 2504 559 2536 poena
579 2495 616 2526 M
653 2495 667 2535 11
709 2496 726 2525 6
755 2502 898 2526 morans
920 2493 1091 2530 Cidamus,
1115 2496 1280 2535 ignorans
1299 2496 1326 2525 si
1347 2495 1475 2525 codices
1515 2493 1528 2533 Η
1570 2495 1587 2523 8
1609 2494 1751 2525 interim

310 2542 358 2578 M,
380 2542 510 2581 integri
528 2541 622 2578 dett„
644 2541 761 2572 itineri
783 2539 942 2572 Cuiaeius
982 2540 995 2580 ΙΙ
1039 2542 1076 2570 43
1105 2541 1133 2572 si
1152 2550 1215 2572 om.
1235 2541 1269 2572 M
1309 2540 1322 2579 Η
1365 2541 1404 2570 46
1431 2548 1494 2580 per
1510 2541 1604 2574 decc„
1628 2540 1662 2569 in
1683 2539 1720 2570 M
1740 2535 1753 2580 Ι]

313 2586 538 2618 indemnitati
562 2585 733 2622 Cuiacius,
764 2585 1005 2617 indemnitatis
1029 2587 1157 2617 codices
1212 2586 1225 2626 ΙΙ
1283 2589 1322 2616 48
1348 2587 1468 2617 uincet
1489 2585 1525 2616 M
1577 2584 1591 2624 11
1647 2587 1682 2616 24
1717 2585 1750 2615 in

311 2634 411 2668 dett.,
433 2641 496 2663 om⁴
521 2632 558 2663 M
595 2632 607 2672 [Ι
650 2634 687 2662 24
717 2632 834 2663 omnis
856 2631 881 2662 Ε
920 2631 933 2671 ΙΙ
976 2633 1015 2663 25
1043 2633 1195 2672 pecunia
1215 2631 1405 2663 cauetur-A

1775 769 1812 798 10

1774 1055 1813 1084 45

1774 1339 1813 1367 20

1773 1623 1813 1653 25

1775 1999 1814 2028 30
