1966 3081
707 165 1073 203 —3—

175 302 243 328 sae
275 288 425 341 sunt¹).
488 302 535 328 ac
575 301 626 327 nc
668 290 709 327 in
749 288 926 327 rubricis
957 289 1129 339 quidem
1162 291 1291 340 ipsius
1323 292 1603 342 epitomatoris

178 345 391 385 libidinem
415 352 636 397 grassatam
660 356 752 384 esse
775 344 1050 384 crediderim:
1083 358 1335 397 quamquam
1360 348 1399 385 in
1422 348 1486 386 his
1507 355 1604 387 sunt

177 416 282 454 quae
323 416 368 442 co
408 401 637 451 offendant,
683 400 793 452 quod
836 402 901 440 uel
939 403 1043 441 male
1082 411 1305 455 conceptae
1337 411 1434 442 sunt
1471 403 1522 454 (2.
1559 404 1598 442 7.

179 462 243 498 19.
269 461 352 509 27),
390 460 455 498 uel
487 471 569 497 non
602 465 710 497 recte
744 457 929 498 indicant
960 472 1005 497 ea
1038 472 1144 511 quae
1178 461 1278 512 ipsis
1309 460 1439 499 titulis
1470 462 1603 499 conti-

176 524 326 556 nentur
363 517 414 566 (3.
453 516 517 555 22.
555 516 648 566 23),
694 516 759 554 uel
791 515 844 554 ad
876 516 1003 554 multo
1034 518 1215 556 minores
1247 517 1350 556 iuris
1382 518 1603 568 particulas

175 575 395 625 pertinent,
433 585 555 623 quam
589 585 692 623 quas
722 571 775 610 ab
808 573 894 623 ipso
915 573 1087 624 leiano
1117 573 1334 613 distinctas
1361 574 1490 613 fuisse
1513 587 1603 612 cre-

173 630 301 669 dibile
333 631 385 669 sit
423 630 503 680 (16.
543 629 633 681 418),
679 630 743 668 uel
786 630 1052 669 materiarum
1094 643 1296 670 conexum
1333 631 1440 670 male
1472 632 1603 669 inter-

173 695 373 738 rumpunt
412 688 462 738 ³2.
499 686 537 724 7.
574 686 661 737 27),
725 687 879 725 atenim
921 699 1002 726 non
1046 689 1120 727 hae
1161 688 1292 738 solae,
1344 687 1418 727 sed
1458 699 1602 727 omnes

173 744 361 783 rubricae
401 757 483 782 non
523 744 661 782 minus
703 742 755 781 ab
792 743 954 795 leiani
999 745 1156 795 regulis
1198 745 1398 784 uidentur
1441 745 1601 784 alienae

172 801 298 840 fuisse
330 813 452 852 quam
485 813 507 839 a
539 800 611 839 Gai
645 801 1001 852 institutionibus,
1037 803 1078 841 in
1112 801 1265 853 quibus
1297 801 1487 842 rubricae
1519 808 1599 841 tam

170 871 243 897 eae
282 870 387 909 quae
428 870 450 897 a
491 857 659 896 librario
701 869 824 908 quam
865 870 937 897 eae
978 871 1084 910 quae
1123 871 1145 897 a
1186 865 1413 898 correctore
1450 857 1602 898 codicis

171 915 419 955 Veronensis
451 916 720 966 interpositae
752 921 849 953 sunt
881 915 1013 954 isdem
1044 917 1158 955 uitiis
1188 916 1381 956 omnibus
1412 915 1602 956 laborant

169 985 274 1023 quae
315 985 442 1023 supra
481 972 834 1011 enumerauimus.
900 979 939 1011 et
979 973 1329 1024 quemadmodum
1368 973 1441 1012 Gai
1472 974 1602 1012 Vero-

169 1030 311 1068 nensis
343 1028 534 1068 rubricae
566 1041 646 1068 non
677 1029 945 1068 consentiunt
976 1042 1067 1068 cum
1100 1031 1159 1069 eis
1190 1043 1296 1081 quae
1329 1031 1371 1068 in
1404 1029 1477 1069 Gai
1510 1031 1601 1082 epi-

170 1094 276 1125 toma
309 1087 572 1137 Wisigothica
613 1091 772 1136 extant,
820 1086 873 1124 ita
912 1085 1104 1125 diuersae
1143 1088 1316 1138 originis
1355 1087 1525 1139 uestigia
1558 1088 1599 1125 in

169 1143 352 1194 leianis
384 1142 565 1182 rubricis
595 1150 878 1193 agnoscuntur
908 1150 948 1182 et
971 1156 1030 1194 eo,
1067 1143 1178 1194 quod
1200 1144 1241 1182 in
1265 1144 1487 1183 Collatione
1510 1145 1548 1194 6,
1576 1145 1598 1182 2

169 1200 285 1239 titulo
316 1200 363 1239 de
394 1201 546 1251 nuptiis
577 1198 874 1240 adscribuntur
905 1213 950 1239 ea
974 1213 1080 1251 quae
1103 1201 1145 1239 in
1169 1200 1309 1240 codice
1331 1202 1524 1240 Vaticano
1547 1201 1601 1239 ti-

169 1257 251 1295 ·-tulo
275 1257 321 1295 (le
342 1257 403 1296 his
425 1257 493 1308 qui
515 1258 550 1294 [η
571 1261 762 1308 potestate
783 1262 877 1297 sunt
896 1257 1178 1308 subiciuntur,
1214 1264 1253 1297 et
1277 1271 1336 1308 eo,
1374 1257 1485 1309 quod
1509 1258 1601 1296 Col-

169 1315 262 1353 latio
302 1315 370 1364 16,
407 1315 428 1352 4
473 1313 679 1352 rubricam
717 1314 764 1353 (le
795 1315 978 1367 leyt'tz'mis
1008 1314 1296 1354 hereditatibus
1327 1316 1446 1365 citat,
1493 1327 1598 1366 quae

167 1371 379 1422 Epitomae
412 1378 473 1410 est
504 1370 551 1410 de
582 1371 764 1423 leqe'tt'mc‘s
794 1371 1021 1411 heredibus.
1076 1384 1174 1411 sane
1203 1385 1253 1411 ex
1274 1372 1339 1411 his
1362 1372 1599 1411 Collationis

167 1428 263 1466 locis
295 1428 430 1480 colligi
462 1428 609 1478 nequit
640 1427 830 1467 rubricas
861 1428 913 1467 ab
946 1429 1032 1480 ipso
1064 1429 1236 1480 leiano
1274 1430 1449 1468 insertas
1481 1441 1593 1468 esse:

168 1498 260 1523 nam
303 1484 376 1523 Gai
417 1497 582 1536 quoque
621 1486 755 1536 capita
788 1485 956 1524 Collatio
998 1485 1180 1524 rubricis
1220 1487 1464 1537 praemissis
1503 1487 1598 1525 citat

174 1543 253 1591 316,
281 1543 318 1591 2,
346 1541 404 1580 95.
454 1542 593 1592 itaque
626 1555 718 1580 eum
751 1541 957 1593 quaedam
989 1542 1180 1581 rubricae
1210 1544 1289 1593 (110.
1324 1544 1384 1580 13.
1416 1543 1478 1595 lt)
1516 1555 1596 1582 non

169 1611 266 1637 uere
299 1611 345 1637 ea
379 1598 575 1646 indicent,
613 1612 719 1649 quae
752 1598 874 1638 hodie
907 1600 947 1637 in
971 1599 1160 1651 Epitoma
1181 1600 1391 1651 leguntur,
1427 1599 1502 1639 sed
1523 1613 1598 1651 po-

166 1657 248 1694 tius
280 1656 487 1706 integrum
518 1656 681 1706 leiani
713 1668 816 1707 opus
847 1657 1091 1707 respiciant,
1133 1656 1323 1696 rubricas
1354 1658 1598 1708 priusquam

168 1713 352 1763 Epitome
385 1713 658 1751 conficeretur
688 1713 804 1764 operi
837 1712 990 1752 inditas
1023 1726 1113 1752 esse
1146 1721 1471 1753 consentaneum
1503 1721 1579 1753 est.

278 1769 445 1808 Initium
485 1769 622 1820 operis
662 1770 703 1808 in
745 1769 886 1809 codice
916 1771 1110 1809 Vaticano
1149 1771 1404 1822 singularem
1436 1771 1477 1810 in
1509 1783 1597 1809 mo-

165 1826 264 1865 dum
295 1825 512 1865 confusum
544 1833 621 1865 est.
684 1839 778 1865 nam
810 1833 902 1878 post
932 1827 1098 1866 titulum
1132 1829 1250 1880 incip.
1286 1828 1394 1867 tituli
1423 1840 1477 1866 eae
1508 1840 1598 1866 cor-

162 1896 259 1934 pore
289 1883 449 1935 ulpiani
486 1890 724 1934 sequuntur
762 1883 894 1923 uerba
934 1884 1059 1923 huius
1098 1884 1294 1924 editionis
1331 1897 1373 1936 p.
1409 1885 1432 1922 5
1465 1898 1507 1924 u.
1545 1885 1593 1923 ⁴4

166 1941 286 1979 moris
333 1940 406 1990 (sic
435 1939 578 1991 codex)
620 1972 627 1979 .
667 1971 675 1979 .
714 1971 722 1979 .
761 1941 809 1979 1¹5
856 1942 1129 1981 {metet-atus:
1185 1942 1259 1981 hos
1290 1943 1439 1994 excipit
1471 1941 1598 1981 index

167 1997 426 2036 rubricarum
458 1998 609 2048 operis,
645 1997 755 2037 hunc
787 1999 876 2050 ipse
906 1998 1067 2050 primus
1097 1999 1243 2038 titulus
1275 2012 1355 2050 quo
1386 2001 1522 2051 agitur
1543 1998 1596 2038 de

166 2054 562 2093 manumissionibus
594 2061 634 2093 et
666 2054 718 2094 de
750 2054 936 2106 libertis,
980 2061 1159 2095 attamen
1199 2057 1267 2095 hic
1308 2063 1504 2095 tractatus
1544 2055 1595 2095 de

167 2110 323 2151 libertis
355 2111 397 2150 in
428 2110 565 2150 media
596 2112 802 2151 sententia
841 2112 893 2163 (p.
931 2113 978 2161 6,
1014 2112 1052 2164 3)
1089 2113 1377 2165 abrumpitur,
1422 2120 1463 2152 et
1497 2125 1596 2152 con-

164 2169 279 2207 tinuo
310 2169 500 2219 sequitur
532 2168 807 2220 fragmentum
840 2168 891 2208 de
914 2168 1079 2220 legibus
1102 2170 1219 2209 initio
1240 2171 1433 2210 mutilum
1472 2170 1523 2222 (p.
1551 2170 1590 2219 5,

165 2226 342 2278 2—13)‚
396 2226 513 2276 quasi
562 2226 636 2264 hoc
674 2225 862 2265 eiusdem
900 2226 1011 2265 tituli
1053 2235 1214 2278 partem
1251 2227 1454 2277 efficeret,
1506 2234 1594 2266 tum

162 2289 361 2322 tractatus
392 2282 443 2321 de
475 2281 640 2321 libertis
671 2283 947 2334 continuatur,
985 2284 1038 2322 ita
1069 2291 1222 2334 tamen,
1258 2291 1302 2323 ut
1332 2291 1499 2336 praeter
1520 2297 1594 2323 ex-

164 2346 293 2379 trema
323 2339 453 2379 uerba
484 2341 713 2379 sententiae
744 2352 870 2391 supra
900 2339 1102 2392 abruptae
1133 2342 1211 2380 alia
1239 2341 1441 2393 quaedam
1465 2342 1595 2379 inter-

164 2396 314 2436 cidisse
346 2397 482 2448 palam
514 2398 580 2436 sit.
640 2408 746 2448 quae
778 2396 962 2436 confusio
995 2398 1341 2449 quemadmodum
1374 2404 1492 2438 enata
1523 2398 1590 2447 sit,

164 2456 385 2493 Mommsen
417 2455 631 2506 ingeniose
663 2453 1024 2505 demonstratum).
1087 2456 1122 2494 is
1153 2457 1287 2503 enim,
1330 2457 1401 2506 qui
1433 2455 1594 2506 primus

166 2512 382 2562 Epitomen
420 2511 499 2563 legi
535 2512 740 2550 Romanae
781 2510 953 2562 adiecit,
998 2512 1211 2563 Epitomae
1251 2511 1433 2550 codicem
1478 2511 1593 2549 initio

260 2647 275 2668 1Ἰ
328 2649 335 2659 v

255 2656 279 2732 ἢ)
310 2649 662 2735 ξ’ίρξᾷιξί)ἴῖ6ἕῐῆἒῇῐ6
682 2695 736 2725 ed.
758 2694 947 2734 Boecking.
987 2696 1083 2725 1355.
1121 2704 1153 2734 p.
1178 2697 1187 2723 -1
1200 2695 1251 2723 =l7.

1276 2753 1282 2779 1
1300 2752 1318 2766 ἢ
