1966 3081
300 1502 322 1539 2

299 1616 320 1653 3

301 1730 322 1767 4

299 1842 322 1879 5

301 1900 323 1937 6

300 2127 323 2165 xl

352 167 584 207 Visum—¹9
874 189 983 193 „ffi-
1045 166 1097 205 2⁴)
1159 189 1269 194 mn-

351 298 445 331 uato
464 293 554 330 iure
572 292 745 342 antiquo
763 290 909 330 liberis
927 298 963 330 et
987 291 1248 343 parentibus.
1286 290 1447 330 Caduca
1467 304 1560 330 cum
1578 303 1652 330 suo
1669 303 1788 331 onere

352 348 453 388 fiunt
471 363 477 387 2
506 347 682 400 ideoque
701 347 913 387 libertates
931 355 967 386 et
988 349 1121 400 legata
1147 354 1182 387 et
1199 348 1517 387 fideicommissa
1534 347 1587 386 ab
1610 361 1656 387 eo
1674 347 1783 397 data,

352 419 402 445 ex
424 407 543 446 cuius
566 418 741 457 persona
765 405 976 444 hereditas
1000 406 1153 445 caduca
1177 405 1281 444 facta
1304 413 1388 456 εει,
1415 405 1529 444 salua
1552 412 1663 444 sunt.
1707 406 1789 445 sci-

351 463 445 502 licet
467 469 506 502 et
529 463 660 514 legata
683 469 720 501 et
747 462 1061 501 fideicommissa
1084 475 1176 501 cum
1201 475 1273 501 suo
1296 475 1421 501 onere
1447 463 1551 501 fiunt
1572 461 1740 502 caduca.

553 587 659 640 [xviu
715 600 778 634 Qu
812 600 986 626 RABEANT
1020 600 1074 626 ivs
1106 600 1303 634 Axrinvn
1336 600 1373 626 tx
1406 587 1581 639 cmvcts]

465 668 564 706 Item
606 666 750 705 liberis
782 674 821 705 et
854 666 1101 718 parentibus
1132 668 1338 706 testatoris
1371 680 1502 718 usque
1538 667 1590 706 ad
1619 668 1786 706 tertium

351 724 523 776 gradum
558 725 623 763 lex
648 725 768 775 Papia
800 725 863 762 ius
885 725 1104 775 antiquum
1130 723 1268 773 dedit,
1295 731 1341 763 ut
1363 724 1592 763 heredibus
1618 725 1701 763 illis
1724 725 1789 762 in-

350 782 529 829 stitutis,
556 780 666 832 quod
689 782 785 831 quis
806 794 858 819 ex
886 793 932 819 eo
955 788 1201 820 testamento
1223 793 1303 819 non
1327 782 1433 833 capit
1452 813 1460 831 ,
1485 781 1538 820 ad
1561 782 1633 820 hos
1655 782 1789 833 perti-

353 846 445 877 neat
468 845 538 877 aut
560 844 690 876 totum
713 844 782 876 aut
807 850 857 876 ex
880 845 1010 888 parte,
1039 845 1161 889 prout
1183 839 1394 888 pertinere
1417 840 1559 890 possit.

565 970 641 1015 [XIX
700 975 747 1001 DE
780 974 959 1001 noattxns
991 976 1036 1001 ET
1067 975 1403 1010 ADQVIStTtoxmvs
1435 963 1573 1015 RERVM]

463 1043 617 1081 Omnes
640 1054 706 1081 res
729 1049 798 1081 aut
816 1042 1010 1094 mancipii
1034 1050 1131 1082 sunt
1153 1050 1220 1081 aut
1246 1055 1321 1081 nec
1347 1044 1558 1095 mancipii.
1593 1044 1787 1095 mancipii

352 1113 416 1139 res
438 1107 531 1139 sunt
566 1100 739 1151 praedia
772 1101 812 1138 in
836 1099 973 1138 Italico
997 1100 1100 1148 solo,
1128 1104 1207 1138 tum
1232 1100 1411 1146 rustica,
1439 1101 1574 1151 qualis
1607 1107 1669 1139 est
1691 1099 1789 1139 fun-

350 1156 442 1207 dus,
471 1169 596 1208 quam
618 1156 789 1206 urbana,
827 1156 963 1208 qualis
987 1156 1155 1196 domus:
1197 1158 1295 1195 item
1318 1157 1405 1196 iura
1429 1157 1693 1209 praediorum
1716 1170 1790 1196 ru-

350 1215 570 1263 sticorum,
606 1214 721 1253 uelut
755 1214 822 1252 uia
857 1215 935 1252 iter
966 1221 1080 1253 actus
1116 1213 1424 1264 aquaeductus:
1468 1215 1565 1253 item
1603 1215 1717 1254 serui
1750 1221 1789 1253 et

350 1270 661 1322 quadrupedes,
690 1283 797 1322 quae
815 1270 936 1309 dorso
959 1272 1115 1310 colloue
1134 1270 1370 1321 domantur7
1397 1272 1511 1311 uelut
1535 1271 1664 1311 boues
1689 1272 1788 1310 muli

351 1329 447 1379 equi
469 1328 590 1367 asini.
625 1335 787 1367 ceterae
811 1341 876 1367 res
898 1340 974 1366 nec
996 1329 1192 1380 mancipii
1216 1335 1327 1367 sunt.
1371 1328 1538 1367 elefanti
1563 1336 1599 1368 et
1625 1329 1785 1376 cameli,

350 1385 543 1436 quamuis
565 1385 666 1423 collo
689 1384 863 1424 dorsouc
882 1384 1117 1429 domentur,
1145 1398 1221 1424 nec
1244 1386 1440 1437 mancipii
1458 1393 1567 1435 sunt,
1594 1387 1789 1437 quoniam

352 1442 580 1481 bestiarum
602 1454 777 1480 numero
801 1448 911 1480 sunt.

464 1499 732 1549 Singularum
765 1511 904 1538 rerum
928 1498 1151 1537 dominium
1175 1498 1295 1538 nobis
1318 1499 1556 1550 adquiritur
1579 1500 1789 1551 mancipa-

354 1557 463 1595 tione
482 1555 704 1595 traditione
717 1557 970 1607 usuc-apione
990 1557 1032 1594 in
1050 1557 1141 1595 iure
1160 1558 1347 1595 cessione
1365 1556 1662 1596 (tclz'mlc'catz'one
1680 1557 1785 1608 lege.

462 1613 706 1664 Mancipatio
736 1614 904 1664 propria
938 1614 1100 1664 species
1121 1613 1384 1652 alienationis
1415 1619 1473 1653 est
1495 1626 1635 1652 rerum
1669 1626 1789 1652 man—

349 1670 472 1721 cipii,
499 1682 631 1721 eaque
664 1670 709 1708 fit
729 1671 853 1708 certis
882 1670 1025 1709 uerbis
1057 1670 1295 1722 libripende
1327 1677 1365 1709 et
1397 1672 1586 1722 quinque
1616 1671 1788 1710 testibus

350 1726 649 1778 praesentibus.
685 1727 929 1778 Mancipatio
951 1728 1083 1766 locum
1107 1727 1232 1766 habet
1255 1728 1365 1766 inter
1387 1729 1503 1767 ciues
1525 1729 1726 1767 Romanos
1748 1735 1789 1767 et

349 1784 514 1822 Latinos
554 1784 782 1823 eolonarios
812 1785 1063 1835 Latinosque
1106 1785 1299 1823 lunianos
1331 1797 1484 1836 eosque
1524 1785 1783 1836 peregrinos,

351 1840 505 1892 quibus
547 1841 839 1879 commercium
872 1840 1014 1880 datum
1055 1848 1131 1879 est.
1177 1841 1480 1880 Commereium
1517 1848 1578 1880 est
1619 1841 1785 1880 emendi

349 1897 650 1948 uendendique
682 1898 864 1936 inuicem
887 1898 966 1937 ius.
1011 1899 1092 1936 Res
1124 1898 1298 1936 mobiles
1320 1911 1401 1936 non
1434 1899 1514 1937 nisi
1544 1905 1787 1950 praesentes

350 1954 576 2006 mancipari
599 1961 794 2006 possunt,
822 1961 862 1994 et
883 1967 965 1993 non
988 1955 1130 2006 plures
1153 1968 1276 2006 quam
1308 1962 1407 2006 quot
1429 1968 1554 1994 manu
1576 1955 1668 2007 capi
1691 1968 1788 2007 pos-

350 2018 461 2050 sunt.
506 2010 739 2050 immobiles
768 2018 906 2050 autem
929 2012 1055 2050 etiam
1085 2012 1228 2064 plures
1250 2013 1373 2051 simul
1404 2019 1443 2051 et
1467 2025 1573 2064 quae
1606 2011 1788 2052 diuersis

350 2069 448 2107 locis
470 2075 565 2107 sunt
587 2069 813 2120 mancipari
836 2075 1023 2120 possunt.

462 2125 645 2165 Traditio
677 2126 844 2177 propria
875 2132 936 2165 est
957 2126 1153 2164 alienatio
1184 2138 1324 2165 rerum
1356 2139 1433 2165 nee
1454 2127 1665 2178 mancipii.
1712 2127 1786 2166 ha-

351 2195 441 2222 rum
466 2195 607 2221 rerum
629 2182 853 2221 dominium
877 2183 965 2234 ipsa
987 2182 1210 2222 traditione
1229 2183 1603 2235 adprehendimus⁷
1630 2184 1787 2223 scilicet

350 2240 383 2278 si
407 2252 459 2278 ex
482 2240 588 2278 iusta
610 2251 731 2278 eausa
755 2239 930 2278 traditae
954 2247 1049 2279 sunt
1072 2239 1207 2279 nobis.

443 2423 454 2450 l
487 2429 596 2452 onore
618 2420 642 2452 0
687 2418 700 2462 ΙΙ
747 2423 764 2451 2
791 2420 905 2460 legato
931 2420 1049 2453 fideic.
1075 2422 1099 2454 0
1144 2420 1156 2464 Η
1205 2425 1220 2453 3
1250 2422 1388 2453 scilicet
1414 2422 1447 2460 C,
1477 2422 1536 2453 sed
1568 2422 1726 2454 Czaeiacius
1773 2421 1785 2465 ΙΙ

351 2467 367 2495 7
396 2466 451 2497 lex
473 2464 528 2504 Cb,
556 2466 587 2498 le
608 2466 650 2497 Ca
694 2463 707 2508 ΙΙ
760 2469 798 2497 ⁴2
827 2467 1048 2498 italico*solo
1072 2467 1114 2500 Ca
1159 2466 1171 2509 ΙΙ
1219 2467 1300 2508 tam]
1330 2470 1391 2499 aut
1418 2467 1443 2498 0
1486 2466 1498 2509 ΙΙ
1545 2470 1680 2499 rustico
1711 2467 1736 2499 C
1774 2467 1787 2510 ΙΙ

354 2514 391 2543 46
420 2513 554 2543 celeres
572 2521 628 2543 res
651 2512 693 2544 Ca
724 2510 736 2553 ΙΙ
772 2513 810 2541 49
829 2511 987 2543 dominia
1012 2513 1036 2545 0
1066 2512 1078 2554 ΙΙ
1110 2515 1150 2544 20
1172 2514 1206 2544 in
1227 2514 1304 2545 iure
1324 2514 1487 2545 cessione
1506 2514 1726 2554 usucapione
1747 2513 1783 2552 C,

351 2558 392 2596 cf.
415 2556 429 2598 ᾖ
449 2560 480 2589 8.
499 2559 516 2588 9
553 2556 565 2599 ΙΙ
602 2560 638 2588 21
663 2557 727 2597 est]
748 2559 798 2589 est
817 2560 849 2589 et
873 2557 897 2589 C
930 2555 942 2599 Η
978 2560 1018 2588 22
1040 2561 1145 2591 testes
1163 2561 1369 2599 praesentes
1391 2558 1415 2590 C
1448 2557 1461 2601 Η
1495 2561 1536 2589 25
1557 2561 1606 2590 est
1626 2559 1782 2600 emendi]

350 2602 490 2634 emendi
522 2602 562 2635 Ca
589 2603 714 2642 2suppt.
741 2612 865 2634 manus
889 2604 1053 2634 secundat
1100 2602 1113 2646 ΙΙ
1159 2607 1199 2635 26
1228 2604 1484 2644 uendundique
1513 2602 1567 2642 Cb,
1605 2605 1783 2637 uendendi

356 2649 397 2679 (¹³
434 2646 446 2690 ΙΙ
495 2651 534 2679 30
563 2648 703 2680 traditio
722 2658 741 2678 ψ
760 2649 902 2689 propria
926 2648 967 2679 Ca
1013 2647 1026 2689 ΙΙ
1074 2652 1108 2680 31
1141 2650 1299 2681 dominia
1322 2648 1346 2680 C
1379 2647 1391 2690 ΙΙ
1432 2649 1574 2681 traditio
1595 2649 1637 2681 Ca
1656 2651 1781 2690 ¹suppl.

350 2702 472 2724 manus
490 2695 652 2732 secunda)

1816 973 1854 1002 to

1817 1281 1856 1310 15

1817 1565 1857 1594 20

1815 1850 1854 1879 25

1812 2136 1853 2165 30
