1942 3081
690 119 812 140 ....-...·
861 111 912 150 59
972 132 1085 138 --
1306 110 1400 141 l'aul.
1424 111 1447 147 1,
1474 111 1595 140 itt—21

174 240 328 277 riarum
352 238 453 289 legis
474 237 683 289 Aquiliae,
724 237 835 287 ,item
858 234 909 274 de
933 234 1052 273 modo
1074 235 1185 285 agri,
1221 246 1313 272 oum
1337 247 1357 272 a
1381 233 1600 273 uenditoro

124 297 146 337 2
173 302 334 347 emptor
364 293 565 346 deceptus
595 292 690 345 est.]
747 293 807 330 Ex
837 292 902 330 his
923 293 1082 341 causis,
1117 303 1223 342 quae
1248 290 1489 330 infitiatione
1522 290 1602 329 du-

173 353 353 404 plantur,
380 358 495 403 paeto
517 350 655 390 decidi
679 361 760 388 non
783 355 931 400 potest.

507 471 565 516 ,Lxx
624 475 672 501 m:
703 474 947 501 FlDEleSORE
979 474 1026 499 ΕΤ
1057 460 1260 512 spoxsomz]

286 545 398 583 Inter
428 542 693 582 fideiussores
715 555 767 580 ex
798 541 933 580 edicto
953 542 1178 593 praetoris,
1215 540 1249 579 si
1272 538 1471 578 soluendo
1503 540 1599 588 sint,
1631 546 1648 574 5

175 602 271 641 licet
291 600 443 652 singuli
467 601 508 639 in
531 598 708 638 solidum
732 605 969 648 teneantur,
994 597 1189 649 obligatio
1211 596 1442 636 diuidetur.

287 794 356 832 *ln
380 793 648 833 dardanarios
680 799 850 844 propter
873 792 1022 831 falsum
1045 803 1336 830 mensurarum
1366 789 1533 829 modum
1556 788 1608 827 ob

174 852 418 891 *utilitatem
448 850 662 902 popularis
691 862 878 888 annonae
910 862 984 900 pro
1007 848 1125 887 modo
1156 847 1325 887 admissi
1350 854 1464 886 extra
1494 845 1610 884 ordi-

172 909 292 948 *nem
313 907 519 947 uindicari
543 905 740 959 placuit.*

519 1021 591 1073 [xx1
652 1033 699 1058 ni:
732 1032 956 1058 ssspvtcmus
987 1033 1034 1058 ET
1067 1017 1267 1069 Lvessxms]

134 1104 142 1141 l
289 1101 353 1140 Ob
384 1101 597 1140 incursum
629 1099 812 1139 fluminis
841 1099 909 1138 uel
939 1105 1094 1137 metum
1127 1096 1326 1137 *ruinae*
1349 1109 1499 1147 corpus
1531 1096 1608 1133 iam

177 1166 403 1211 perpetuae
424 1158 661 1209 sepulturae
686 1156 882 1196 traditum
905 1154 1178 1194 sollemnibus
1204 1153 1378 1193 redditis
1400 1152 1611 1192 sacrificiis

126 1218 149 1257 ‘2
175 1229 252 1268 per
273 1222 434 1254 noctem
467 1216 508 1253 in
532 1215 658 1253 alium
689 1215 821 1252 locum
853 1212 1069 1251 transferri
1091 1218 1241 1263 potest.
1299 1211 1456 1262 Corpus
1488 1211 1528 1248 in
1551 1211 1611 1247 ei—

176 1273 345 1312 uitatem
382 1271 527 1311 inferri
556 1284 638 1309 non
670 1271 785 1319 licet,
822 1283 874 1309 ne
906 1269 1174 1308 funestentur
1196 1281 1309 1307 sacra
1333 1268 1534 1306 ciuitatis:
1571 1273 1608 1304 et

126 1333 148 1369 3
176 1330 248 1381 qui
273 1336 411 1368 contra
443 1342 489 1368 ea
512 1328 678 1379 fecerit,
715 1335 830 1367 extra
854 1326 1044 1365 ordinem
1074 1326 1260 1378 punitur.
1314 1325 1448 1362 *Intra
1473 1336 1612 1362 muros

176 1386 385 1426 *ciuitatis
412 1398 562 1437 corpus
583 1385 824 1436 sepulturae
847 1383 937 1422 dari
961 1396 1042 1422 non
1073 1389 1206 1434 potest
1231 1383 1299 1421 uel
1320 1383 1479 1421 ustrina
1504 1381 1606 1419 fieri.

129 1460 149 1484 4·
177 1443 282 1491 *Qui
320 1456 470 1495 eorpus
499 1449 727 1494 perpetuae
760 1441 999 1492 sepulturae
1028 1439 1227 1479 traditum
1264 1439 1331 1478 uel
1363 1438 1414 1477 ad
1448 1444 1612 1489 tempus

178 1500 324 1540 *alicui
354 1501 440 1539 loco
472 1499 803 1538 commendatum
827 1496 1049 1536 nudauerit
1080 1503 1120 1535 et
1143 1497 1239 1535 solis
1270 1495 1397 1534 radiis
1419 1494 1614 1534 ostende-

178 1556 270 1607 *rit,
297 1557 507 1609 piaculum
532 1558 770 1596 committit:
809 1562 931 1606 atque
955 1554 1063 1604 ideo,
1091 1555 1124 1592 si
1148 1554 1358 1592 honestior
1379 1553 1454 1601 sit,
1483 1553 1523 1590 in
1549 1552 1613 1589 in—

129 1617 151 1654 5
178 1613 347 1665 *sulam,
374 1614 408 1652 si
429 1614 638 1663 humilior,
666 1615 707 1651 in
731 1612 943 1651 metallum
968 1611 1055 1649 dari
1079 1611 1194 1650 solet.
1241 1610 1319 1656 Qui
1344 1609 1613 1661 sepulchrum

178 1671 455 1711 *uiolauerint
485 1677 554 1709 aut
579 1670 629 1709 de
653 1670 871 1721 sepulchro
901 1668 1059 1719 aliquid
1082 1667 1350 1715 sustulerint,
1376 1679 1451 1717 pro
1471 1679 1616 1717 perso—

180 1729 352 1767 *narum
384 1727 582 1779 qualitate
606 1733 675 1766 aut
698 1727 739 1765 in
763 1726 974 1765 metallum
998 1725 1150 1764 dantur
1181 1730 1251 1763 aut
1273 1725 1315 1762 in
1340 1724 1517 1762 insulam
1541 1722 1615 1762 de—

131 1789 153 1824 6
179 1785 438 1838 *portantur.
482 1785 559 1831 Qui
585 1784 853 1835 sepulchrum
876 1783 1058 1821 alienum
1082 1781 1292 1832 effregerit
1313 1780 1381 1819 uel
1404 1780 1615 1832 aperuerit

181 1842 339 1894 *eoque
362 1848 570 1881 mortuum
593 1854 714 1880 suum
737 1841 974 1879 alienumue
1000 1839 1208 1887 intulerit,
1236 1838 1500 1889 sepulchrum
1525 1837 1616 1875 uio—

131 1901 154 1940 7
180 1899 312 1938 *lasse
349 1898 531 1938 uidetur.
585 1898 762 1937 Vendito
793 1896 920 1936 fundo
959 1897 1149 1948 religiosa
1186 1896 1269 1934 loca
1300 1894 1352 1933 ad
1389 1901 1614 1946 emptorem

132 1960 155 1994 8
182 1955 287 1995 *inon
316 1963 535 1995 transeunt
564 1969 642 1994 nee
671 1956 712 1993 in
737 1955 800 1993 his
824 1956 888 1993 ius
919 1953 1074 1992 inferre
1102 1959 1311 1991 mortuum
1342 1951 1481 1990 habet.
1537 1951 1615 1997 Qui

182 2012 474 2052 *monumento
504 2013 725 2063 inscriptos
748 2012 888 2050 titulos
919 2011 1091 2049 eraserit
1120 2009 1189 2048 uel
1210 2015 1387 2047 statuam
1415 2009 1615 2047 euerterit

182 2070 276 2109 *uel
298 2069 400 2121 quid
423 2082 474 2108 ex
497 2070 641 2108 eodem
666 2069 850 2115 traxerit,
877 2067 1057 2119 lapidem
1076 2067 1364 2105 columnamue
1381 2065 1612 2113 sustulerit,

134 2131 157 2167 9
184 2127 477 2179 “sepulchrum
515 2127 692 2166 uiolasse
733 2124 915 2164 uidetur.
977 2125 1021 2162 In
1053 2137 1099 2163 eo
1138 2123 1385 2174 sarcophago
1416 2122 1483 2161 uel
1516 2122 1613 2171 solo,

274 2277 340 2306 20A
360 2288 400 2301 =
420 2274 495 2315 Βία
520 2275 576 2309 48,
597 2275 651 2311 ⁴9,
672 2275 711 2303 37
754 2272 767 2312 ll
808 2275 863 2310 2¹,
885 2273 971 2302 3-9
990 2272 1166 2311 suppletae
1181 2274 1260 2302 sunt
1277 2279 1321 2302 em
1340 2271 1515 2301 Vesontino
1536 2269 1619 2308 (Cu-

184 2322 261 2353 iacii
282 2321 421 2352 Obseru.
442 2322 496 2359 24,
520 2321 570 2358 43)

280 2460 290 2487 4
323 2457 406 2489 item
428 2481 435 2488 .
458 2481 464 2487 .
489 2480 495 2487 .
519 2458 537 2486 2
556 2458 607 2487 est
625 2456 746 2494 spuria
763 2462 834 2486 esse
852 2454 963 2485 docuit
980 2454 1125 2493 Rudorff
1141 2451 1334 2490 zeitschrift
1349 2451 1409 2490 fiir
1425 2450 1616 2490 geschichtl.

189 2501 542 2541 Rechtswissenschaft
562 2504 600 2531 45
617 2509 652 2540 p.
675 2502 737 2530 4⁴7
757 2508 843 2539 sqq.,
864 2499 905 2539 cs.
928 2501 960 2537 2,
983 2501 1035 2536 47,
1058 2500 1074 2529 4
1116 2498 1129 2537 ΙΙ
1169 2506 1251 2529 cum
1272 2521 1278 2527 .
1302 2521 1309 2527 .
1332 2521 1338 2527 .
1362 2498 1379 2526 Ξ
1398 2498 1448 2527 est
1470 2496 1515 2529 M,
1536 2503 1618 2526 eum

187 2548 372 2580 uenditore
390 2548 415 2579 L
455 2548 469 2588 11
510 2550 527 2577 5
555 2547 623 2578 sint
641 2547 735 2580 dett..
756 2546 801 2576 sit
819 2545 857 2582 L,
877 2545 1015 2586 species
1034 2545 1071 2575 M
1107 2543 1121 2583 u
1167 2546 1201 2573 ¹2
1230 2543 1354 2573 ruinae
1375 2541 1572 2572 I'esontinus
1591 2543 1621 2572 et

196 2594 376 2625 Vaticanus
392 2602 462 2634 req.
485 2596 584 2629 4⁴28,
613 2600 677 2623 om.
705 2590 882 2630 wisigothi
929 2591 943 2630 Η
997 2593 1031 2620 13
1051 2589 1202 2620 redditis
1221 2587 1266 2623 M,
1288 2595 1350 2617 om.
1373 2587 1396 2617 L
1445 2586 1459 2625 ΙΙ
1512 2588 1545 2615 ll·
1569 2586 1621 2616 ci-

189 2640 298 2670 uitate
317 2639 378 2670 ML
429 2638 431 2640 ’

1637 909 1675 938 10

1642 1274 1677 1301 15

1639 1559 1679 1587 20

1644 2130 1684 2157 30
