1942 3081
715 103 826 109 -—.
887 81 937 120 89
997 103 1109 109 —.
1410 82 1504 112 Paul.
1528 82 1625 117 111,ss

120 206 170 245 33
199 206 307 244 mino
338 206 604 256 proprietatis
627 218 720 243 eum
753 204 1001 243 fructuarius
1026 205 1065 242 in
1091 206 1180 243 iure
1212 206 1399 243 cesserit.
1465 206 1625 243 Finitur

198 260 459 301 ususfructus
481 268 549 301 aut
571 268 701 300 morte
734 267 803 300 aut
824 267 1030 312 tempore:
1067 268 1217 310 morte,
1245 274 1337 299 cum
1361 260 1625 300 usufructua-

199 319 285 358 rius
305 319 495 357 moritur:
532 325 730 369 tempore,
756 318 950 368 quotiens
970 317 1021 355 ad
1043 324 1200 356 eertum
1225 324 1386 368 tempus
1410 317 1624 357 ususfruc-

120 375 170 414 34
197 383 263 414 tus
295 375 468 427 legatur,
506 375 619 414 uelut
652 374 821 413 hiennio
851 381 921 412 aut
960 375 1155 412 triennio.
1220 373 1361 412 Fundo
1393 375 1461 413 uel
1501 387 1623 413 seruo

196 433 327 483 legato
348 439 430 471 tam
454 431 572 471 fundi
596 432 915 470 instrumentum
940 443 1062 482 quam
1080 431 1193 469 serui
1216 431 1423 481 peculium
1440 430 1491 469 ad
1514 431 1626 481 lega-
1654 441 1666 466 ε’

118 489 170 528 35
196 489 345 528 tarium
368 490 564 540 pertinet.
618 487 961 535 Quaerendorum
984 487 1193 526 fructuum
1217 500 1337 526 causa
1361 500 1452 526 esse
1475 486 1627 526 uiden-

172 555 174 557 ’
196 553 286 595 tur,
319 547 391 597 qui
428 558 532 596 opus
570 545 769 584 rusticum
806 545 984 592 faciunt,
1025 551 1065 583 et
1102 544 1324 583 monitores
1361 550 1399 582 ct
1436 544 1549 583 uilici
1588 551 1624 582 et

195 602 401 642 saltuarii:
438 603 538 641 item
569 602 699 641 boues
721 602 911 651 aratorii,
936 607 1070 640 aratra
1086 632 1095 649 ‚
1127 600 1320 640 bidentes
1341 607 1381 640 et
1403 601 1526 639 falces
1549 614 1628 652 pu-

117 659 169 697 36
197 659 390 698 tatoriae:
418 658 672 698 frumentum
695 671 860 710 quoque
883 658 935 697 ad
957 665 1185 697 sementem
1209 659 1451 709 repositum.
1503 659 1628 696 Fruc—

196 722 314 755 tuum
335 715 612 767 cogendorum
630 729 751 755 causa
772 722 1002 767 comparata
1021 716 1295 754 instrumento
1317 713 1484 764 cedunt,
1511 715 1627 753 uelut

196 772 365 823 corbes,
391 773 514 812 aluei.
543 773 666 812 falces
687 774 909 812 messoriae
933 779 972 811 et
993 772 1173 811 senariae
1189 803 1197 818 ‚
1225 773 1322 810 item
1346 772 1475 810 molae
1498 771 1630 810 oliua—

118 828 170 868 37
198 830 296 869 riae.
362 829 752 869 Conseruandorum
793 829 1002 868 fructuum
1039 842 1160 868 causa
1202 835 1433 880 comparata
1471 829 1630 867 instru-

196 893 335 925 mento
357 886 532 933 cedunt,
559 887 674 926 uelut
697 886 826 936 dolia⁷
853 899 1005 938 cupae,
1031 886 1223 925 uehicula
1248 886 1422 933 rustica7
1456 884 1623 934 cibaria,

195 944 393 994 pistores,
421 945 547 992 asini,
575 943 772 983 focariae:
810 944 907 982 item
937 944 1109 982 ancillae
1140 955 1246 994 quae
1279 943 1527 981 uestimenta
1557 955 1629 981 ru-

116 999 170 1037 38
195 1001 310 1040 sticis
332 1000 502 1051 faciunt,
528 1007 664 1040 scutra
689 1012 853 1052 quoque
876 1007 917 1039 et
938 1006 1052 1039 sutor
1072 999 1411 1038 continebuntur.
1473 1000 1630 1038 onres

197 1070 338 1096 eorum
361 1058 433 1109 qui
455 1065 681 1109 operantur
697 1059 825 1108 magis
843 1063 905 1095 est
925 1063 971 1096 ut
994 1057 1269 1111 instrumento
1287 1055 1449 1094 cedant.
1484 1068 1629 1107 pecora

196 1126 362 1166 quoque
395 1121 433 1153 et
464 1121 651 1165 pastores
683 1127 824 1153 eorum
857 1113 1111 1152 stercorandi
1145 1126 1266 1152 causa
1300 1119 1440 1164 parata
1474 1113 1632 1151 instru-

115 1170 169 1208 39
196 1177 335 1210 mento
365 1172 647 1210 continentur.
712 1172 769 1210 Ea
800 1177 960 1219 autem,
987 1182 1093 1221 quae
1116 1169 1326 1208 custodiae
1357 1170 1487 1220 magis
1509 1182 1629 1208 causa

196 1227 305 1279 quod
335 1227 387 1267 ad
409 1241 510 1267 usus
532 1229 662 1279 patris
694 1227 870 1267 familias
892 1240 938 1266 eo
961 1227 1095 1266 delata
1118 1233 1234 1276 sunt,
1262 1227 1531 1265 instrumenti
1556 1239 1631 1264 no-

118 1284 168 1321 40
197 1285 307 1324 mine
339 1297 420 1323 non
451 1285 732 1324 continentur.
795 1285 950 1323 onres
980 1297 1078 1323 uero
1110 1296 1274 1333 eorum⁷
1311 1284 1383 1334 qui
1414 1283 1630 1322 mercedes

196 1348 408 1392 praestare
439 1348 768 1391 consueuerant,
813 1353 951 1392 neque
985 1341 1269 1380 instructionis
1301 1352 1440 1391 neque
1473 1340 1630 1379 instru-

118 1397 162 1435 44
197 1399 325 1438 menti
356 1399 632 1450 appellatione
671 1399 953 1437 continentur.
1025 1399 1257 1437 Piscaturae
1296 1397 1364 1436 uel
1396 1397 1630 1436 uenationis

198 1456 520 1495 instrumentum
542 1456 595 1494 ita
617 1455 785 1495 demum
808 1457 1086 1494 instrumento
1108 1453 1226 1494 fundi
1249 1454 1498 1503 continetur,
1522 1455 1556 1493 si
1579 1467 1629 1492 ex

117 1512 169 1550 4⁶2
197 1513 261 1551 his
285 1513 461 1551 maxime
486 1512 603 1552 fundi
626 1511 787 1551 reditus
809 1518 1024 1563 cogantur.
1073 1513 1246 1550 Fructus
1266 1511 1451 1562 percepti
1473 1511 1630 1549 instru-

197 1575 335 1609 mento
358 1568 476 1608 fundi
499 1571 554 1608 ita
576 1569 745 1609 demum
767 1568 942 1618 cedunt⁷
969 1569 1003 1607 si
1027 1568 1182 1608 ibidem
1205 1567 1368 1607 absumi
1389 1580 1411 1606 a
1432 1573 1628 1607 testatore

118 1626 168 1664 43
197 1633 513 1665 consueuerant.
579 1626 720 1665 Fundo
751 1639 844 1665 cum
867 1626 978 1664 omni
1011 1626 1287 1664 instrumento
1310 1625 1462 1664 rustico
1494 1630 1535 1663 et
1556 1637 1630 1663 ur—

196 1682 302 1722 bano
325 1689 367 1722 et
396 1684 612 1735 mancipiis
642 1695 748 1734 quae
771 1683 829 1721 ibi
852 1689 948 1722 sunt
980 1683 1110 1734 legato
1132 1682 1291 1721 semina
1320 1693 1486 1732 quoque
1509 1686 1550 1720 et
1571 1681 1630 1720 ci-

118 1741 168 1778 44
196 1739 312 1779 baria
334 1739 618 1779 debebuntur.
682 1739 822 1779 Fundo
853 1753 947 1778 cum
969 1740 1079 1778 omni
1109 1739 1387 1778 instrumento
1414 1739 1568 1777 rustico
1591 1745 1629 1777 et

197 1796 354 1836 urbano
377 1804 418 1836 et
440 1798 658 1849 mancipiis
680 1809 787 1848 quae
819 1796 877 1835 ibi
900 1802 998 1836 sunt
1019 1797 1151 1848 legato
1172 1801 1254 1835 tam
1282 1795 1474 1846 supellex
1504 1806 1628 1846 quam

197 1860 482 1893 aeramentum
506 1856 689 1906 itemque
713 1859 933 1905 argentum
963 1860 1002 1892 et
1023 1859 1184 1902 uestes⁷
1220 1865 1326 1903 quae
1348 1851 1406 1890 ibi
1428 1858 1547 1903 pater
1567 1851 1629 1890 fa-

200 1911 332 1950 milias
354 1910 589 1950 instruendi
621 1912 750 1963 gratia
782 1910 938 1950 habere
961 1910 1088 1960 solet7
1124 1909 1414 1949 debebuntur:
1451 1910 1550 1948 item
1582 1922 1628 1948 ea

197 1968 413 2018 mancipia,
440 1980 546 2019 quae
568 1969 663 2007 usui
685 1969 815 2019 patris
836 1967 1012 2007 familias
1035 1980 1125 2006 esse
1146 1968 1300 2016 solent,
1327 1967 1509 2017 itemque
1531 1979 1631 2005 aues

198 2031 237 2063 et
254 2037 416 2076 pecora,
443 2037 550 2076 quae
568 2023 909 2064 instruendarum
927 2024 1145 2076 epularum
1163 2024 1292 2075 gratia
1315 2024 1356 2061 in
1374 2022 1501 2062 fundo
1519 2036 1630 2061 com-

198 2088 341 2133 parata
365 2088 483 2120 sunt:
519 2082 702 2133 exceptis
724 2082 801 2130 his,
838 2094 946 2133 quae
968 2080 1025 2119 ibi
1057 2079 1269 2120 custodiae
1299 2092 1422 2119 causa
1442 2079 1628 2130 deposita

121 2137 170 2175 433
198 2145 309 2177 sunt.
371 2137 514 2178 Fundo
536 2139 668 2190 legato
698 2151 758 2177 ιτΑ
782 2151 827 2176 vr
849 2150 1013 2177 orrmvs
1035 2149 1272 2183 mxmvsovss
1296 2149 1360 2175 EST
1386 2137 1486 2175 retia
1509 2149 1630 2188 apra-

199 2196 258 2234 ria
281 2201 322 2234 et
345 2202 482 2234 cetera
503 2196 738 2234 uenationis
761 2196 1034 2234 instrumenta
1056 2194 1402 2234 continebuntur:
1439 2206 1545 2244 quae
1569 2200 1630 2231 et-

197 2252 278 2292 iam
300 2251 353 2291 ad
376 2253 695 2292 instrumentum
716 2252 941 2304 pertinent,
966 2253 999 2291 si
1021 2258 1217 2303 quaestus
1237 2250 1357 2290 fundi
1379 2263 1431 2289 ex
1452 2251 1629 2289 maxima

198 2376 231 2383 Λν
241 2376 271 2384 s„

292 2470 309 2498 5
335 2469 406 2499 tam
433 2467 531 2499 fundi
563 2466 723 2502 {fundum
752 2467 785 2501 Li
818 2467 1094 2497 instrumentum
1124 2465 1191 2503 t-to
1219 2465 1288 2502 ML!
1320 2464 1439 2504 quam]
1474 2466 1628 2502 ertpectes

200 2521 267 2544 nec
283 2512 306 2544 f.
328 2513 350 2544 i.
373 2522 450 2550 nec,
471 2513 513 2553 cf.
537 2513 612 2553 Di9.
636 2515 689 2547 33,
711 2513 742 2549 8,
764 2512 818 2542 24.
849 2513 902 2548 33,
924 2514 978 2547 40,
1001 2512 1039 2541 44
1081 2511 1094 2550 ll
1137 2514 1176 2541 45
1203 2513 1320 2541 scutra
1341 2510 1378 2547 Ly
1397 2509 1524 2540 scodra
1544 2509 1581 2539 M
1618 2508 1630 2549 ΙΙ

202 2560 241 2589 49
260 2558 368 2598 quod]
388 2568 525 2599 quaeue
543 2567 625 2595 scr.,
646 2558 687 2597 cf.
711 2557 786 2597 Diy.
806 2559 860 2595 33,
879 2558 910 2594 7,
933 2559 986 2593 42,
1010 2559 1048 2588 ’15
1082 2556 1095 2596 ΙΙ
1129 2559 1168 2586 22
1188 2557 1364 2597 piscatore
1384 2555 1420 2590 L,
1441 2555 1629 2595 piscatoris

202 2604 238 2634 M
275 2603 288 2643 11
329 2606 369 2634 39.
396 2605 551 2645 itemque
570 2604 616 2638 M,
638 2604 718 2634 item
741 2603 764 2633 L

1656 724 1694 751 ⁴0

1658 1008 1696 1036 ⁴5

1657 1292 1695 1320 20

1655 1576 1696 1604 25

1656 1860 1695 1887 30
