1942 3081
330 94 552 131 Pau1.V‚25
834 116 946 122 *-
1010 93 1087 132 132
1147 116 1259 122 --

326 219 442 258 nium
473 218 781 270 perhibendum
813 220 880 258 uel
908 232 1055 259 uerum
1088 232 1169 258 non
1200 218 1511 271 perhibendum
1544 219 1764 270 pecuniam

327 276 535 327 acceperit
565 275 729 315 dederit
752 275 1010 325 iudicemue,
1046 285 1087 317 ut
1111 277 1360 316 sententiam
1384 275 1487 315 ferat
1508 276 1579 315 uel
1598 288 1680 314 non
1703 275 1766 314 fe-

328 339 404 383 rat,
430 333 661 385 corruperit
683 333 1091 385 corrumpendumue
1109 333 1333 383 cmauerit,
1363 333 1607 372 humiliores
1629 333 1764 384 capite

328 390 579 440 puniuntur,
618 390 876 429 honestiores
907 390 1128 442 publicatis
1156 391 1276 430 bonis
1309 404 1402 431 cum
1435 390 1524 442 ipso
1554 389 1693 429 iudice
1722 391 1764 428 in

279 450 299 485 3
327 447 504 486 insulam
528 447 816 499 deportantur.
875 449 1059 487 *Falsum
1082 455 1162 498 est,
1189 447 1396 500 quidquid
1419 448 1460 486 in
1482 448 1658 486 ueritate
1681 459 1762 485 non
1790 455 1807 484 5

279 505 299 542 t
328 504 437 554 *est,
473 504 548 543 sed
571 517 645 556 pro
676 518 775 544 uero
806 504 1121 545 adseueraturf
1181 505 1332 555 ludex,
1368 505 1440 556 qui
1463 511 1605 543 contra
1627 516 1765 543 sacras

326 561 561 613 principum
593 563 906 601 constitutiones
936 569 1131 601 conti-aue
1159 563 1223 601 ius
1244 562 1482 614 publicum,
1519 560 1631 613 quod
1653 560 1766 613 apud

278 619 300 656 5
328 631 371 658 se
395 620 612 658 recitatum
636 626 711 669 est,
736 620 991 670 pronuntiat,
1020 619 1061 657 in
1085 619 1261 658 insulam
1284 619 1541 671 deportatur.
1596 618 1674 665 Qui
1699 630 1766 657 ra-

328 677 462 714 tiones
492 682 580 714 acta
616 675 778 715 libellos
809 675 950 715 album
988 677 1245 727 propositum
1281 678 1522 715 testationes
1552 675 1766 716 cautiones

328 733 602 784 chirographa
631 733 831 784 epistulas
861 734 998 771 sciens
1029 732 1120 772 dolo
1150 733 1255 772 malo
1293 734 1334 772 in
1365 732 1551 772 fraudem
1587 733 1764 772 alicuius
1792 741 1830 769 to

328 789 533 828 deleuerit
552 791 779 829 mutauerit
795 789 1023 829 subiecerit
1040 789 1346 842 subscripserit,
1367 791 1494 842 quiue
1511 802 1581 829 aes
1598 790 1767 829 inaura—

327 847 437 885 uerit
458 848 756 898 argentauerit,
783 849 925 898 quiue,
953 860 1046 886 cum
1069 854 1290 899 argentum
1311 860 1457 886 aurum
1480 853 1670 899 poneret,
1695 859 1765 886 aes

279 905 300 941 6
326 910 576 943 stannumue
587 903 826 954 subiecerit‚
850 903 939 943 falsi
958 917 1088 956 poena
1107 910 1337 944 coercetur.
1362 904 1654 955 Amplissimus
1665 902 1765 942 ordo

327 960 516 999 decreuit
534 974 602 1000 eas
620 960 799 1011 tabulas,
820 973 926 1013 quae
944 961 1104 1013 publici
1121 962 1188 1001 uel
1205 962 1361 1013 priuati
1380 967 1613 1001 contractus
1629 961 1765 1012 scrip-

326 1025 462 1056 turam
484 1019 719 1068 continent,
745 1018 946 1058 adhibitis
968 1018 1145 1059 testibus
1176 1021 1231 1058 ita
1253 1020 1434 1071 signari,
1469 1025 1515 1058 ut
1537 1019 1579 1057 in
1603 1030 1763 1057 summa
1791 1025 1830 1055 15

328 1076 524 1126 marginis
536 1075 589 1114 ad
601 1075 780 1114 mediam
793 1083 955 1127 partem
964 1075 1195 1127 perforatae
1210 1077 1363 1128 triplici
1381 1076 1464 1115 lino
1477 1075 1765 1127 constringan—

326 1138 393 1170 tur
415 1138 539 1184 atque
562 1133 779 1184 impositae
800 1146 926 1185 supra
949 1133 1080 1173 linum
1103 1146 1223 1174 cerae
1246 1134 1364 1185 signa
1386 1133 1694 1185 imprimantur,
1719 1138 1765 1171 ut

327 1190 524 1228 exteriori
543 1190 776 1241 scripturae
795 1190 918 1230 fidem
941 1191 1116 1229 interior
1138 1197 1294 1230 seruet.
1338 1191 1458 1229 aliter
1479 1189 1645 1229 tabulae
1666 1200 1765 1239 pro-

260 1247 302 1283 ga
325 1246 432 1285 latae
455 1247 558 1285 nihil
581 1248 777 1286 momenti
798 1247 968 1287 habent.
1022 1249 1378 1297 3Testamentum,
1404 1246 1515 1298 quod
1536 1246 1649 1286 nullo
1671 1247 1764 1286 iure

327 1302 487 1353 malet,
515 1305 686 1355 impune
711 1306 1004 1356 supprimitur:
1043 1306 1148 1343 nihil
1171 1311 1231 1344 est
1258 1304 1390 1355 enim,
1418 1303 1530 1356 quod
1551 1317 1603 1344 ex
1625 1317 1672 1343 eo
1693 1310 1763 1343 aut
1791 1311 1829 1339 20

285 1376 293 1395 ι
327 1362 519 1411 ‘³‘petatur
547 1368 617 1400 aut
639 1363 866 1401 consistere
888 1363 1062 1413 possit?
1124 1363 1202 1408 Qui
1224 1362 1313 1401 uiui
1344 1368 1640 1401 testamentum
1662 1373 1764 1412 ape-

328 1418 460 1456 ruerit
483 1419 723 1457 recitauerit
740 1420 1034 1470 resignauerit,
1060 1432 1192 1471 poena
1209 1419 1313 1470 legis
1331 1419 1546 1458 Corneliae
1568 1424 1761 1458 tenetur:

327 1482 367 1514 et
394 1475 641 1526 plerumque
672 1482 742 1514 aut
772 1476 1017 1515 humiliores
1050 1477 1091 1515 in
1115 1476 1327 1515 metallum
1358 1475 1510 1515 dantur
1540 1482 1611 1515 aut
1632 1475 1764 1514 hone-

277 1532 299 1569 8
326 1533 472 1571 stiores
494 1532 535 1570 in
558 1533 737 1572 insulam
759 1533 1042 1584 deportantur.
1086 1534 1127 1572 Si
1145 1534 1238 1585 quis
1260 1533 1538 1572 instrumenta
1559 1533 1644 1572 litis
1665 1545 1763 1572 suae

327 1602 348 1627 a
372 1596 635 1641 procuratore
658 1590 727 1629 uel
756 1591 967 1642 cognitore
990 1590 1231 1630 aduersario
1263 1590 1424 1642 prodita
1447 1602 1538 1629 esse
1568 1590 1764 1629 conuice-
1790 1596 1830 1625 25

328 1647 403 1696 rit,
444 1653 526 1685 tam
563 1654 808 1698 procurator
839 1660 962 1699 quam
995 1649 1193 1700 cognitor,
1236 1649 1269 1687 si
1293 1648 1537 1687 humiliores
1565 1653 1684 1697 sunt,
1720 1647 1761 1685 in

327 1704 539 1743 metallum
569 1703 839 1755 damnantur,
874 1705 908 1744 si
930 1705 1188 1745 honestiores
1213 1712 1329 1755 sunt,
1365 1704 1557 1756 adempta
1590 1703 1763 1743 dimidia

191 1762 213 1799 9
230 1760 304 1812 (40)
326 1766 444 1812 parte
473 1760 675 1800 bonorum
708 1762 749 1800 in
776 1769 1027 1814 perpetuum
1050 1762 1301 1813 relegantur.
1365 1762 1443 1808 Qui
1470 1761 1583 1801 falsis
1604 1761 1763 1800 instru-

328 1819 479 1856 mentis
500 1819 602 1857 actis
633 1819 822 1870 epistulis
845 1819 1059 1871 rescriptis
1089 1821 1226 1858 sciens
1247 1818 1338 1858 dolo
1369 1819 1473 1857 malo
1494 1831 1596 1858 usus
1616 1818 1757 1868 fuerit,

326 1887 458 1926 poena
488 1873 578 1913 salsi
601 1883 835 1915 coercetur:
871 1875 1049 1928 ideoque
1072 1876 1316 1916 humiliores
1345 1877 1386 1914 in
1409 1876 1621 1915 metallum
1643 1874 1762 1914 dam—
1788 1881 1828 1910 3⁰

199 1933 242 1970 ΙΟ
260 1932 304 1972 f9
326 1938 502 1981 nantur,
545 1932 802 1972 honestiores
839 1934 879 1972 in
918 1934 1094 1973 insulam
1130 1933 1415 1985 deportantur.
1479 1933 1761 1972 Instrumenta

1491 2035 1496 2039 s
1512 2033 1762 2042 ’,κκκχκχκκκκ-

420 2082 472 2117 25,
496 2082 511 2109 3
532 2093 572 2106 =
596 2079 735 2112 Cozzatto
753 2082 784 2116 8,
805 2083 823 2111 6
865 2081 878 2121 ιι
919 2083 973 2118 25,
997 2083 1033 2112 6³
1051 2094 1091 2107 =
1112 2081 1189 2121 Dty.
1213 2082 1266 2119 48,
1290 2083 1342 2118 ⁴9,
1365 2082 1419 2118 38,
1441 2084 1458 2112 6
1501 2080 1513 2120 n
1554 2083 1608 2117 25,
1632 2082 1662 2111 7.
1681 2081 1698 2110 8
1718 2092 1759 2106 =

331 2125 481 2166 myas,
506 2128 634 2161 19,37,
658 2129 686 2156 7.
711 2130 727 2157 s
770 2126 782 2165 ιι
825 2129 878 2159 25,
901 2129 940 2156 40
961 2140 1000 2153 =
1022 2127 1099 2167 ny.
1123 2128 1175 2158 48.
1203 2129 1251 2163 19,
1274 2129 1328 2166 38,
1349 2129 1366 2157 9

421 2264 432 2291 1
463 2262 520 2293 uel
539 2271 574 2292 u.
596 2270 629 2292 n.
651 2262 750 2303 perh.
771 2271 834 2293 om.
861 2262 941 2294 Coll.
985 2262 998 2301 Η
1041 2265 1074 2293 11
1106 2271 1166 2294 aes
1184 2264 1262 2294 dett.
1283 2272 1357 2294 cum
1378 2263 1671 2302 Interpretatione,
1692 2270 1757 2293 om.

330 2308 391 2338 ML
448 2307 461 2346 11
519 2309 558 2337 15
586 2308 781 2347 signauerit
797 2309 925 2339 codices
988 2308 1001 2348 ΙΙ
1066 2311 1105 2340 16
1132 2308 1227 2350 tripl.
1249 2309 1320 2340 lino
1339 2309 1386 2346 M,
1407 2311 1440 2340 et
1458 2308 1551 2349 tripl.
1571 2307 1666 2339 nodo
1686 2308 1710 2338 L
1750 2305 1762 2349 ΙΙ

329 2355 369 2383 17
397 2354 583 2394 impositae
603 2352 804 2391 Salmasius,
825 2354 1032 2395 impositum
1049 2355 1177 2385 codices
1216 2353 1230 2394 ΙΙ
1271 2356 1310 2384 18
1337 2354 1547 2386 exterioris.
1568 2353 1590 2384 s.
1612 2353 1761 2385 interior

328 2401 447 2431 seruet
464 2399 630 2437 Huschke,
650 2399 836 2430 exterioris
855 2408 881 2431 s.
903 2398 925 2431 f.
947 2400 1096 2431 interior
1113 2402 1315 2432 reseruaret
1332 2400 1379 2436 M,
1407 2399 1594 2431 exterioris
1611 2407 1639 2430 s.
1659 2397 1681 2429 f.
1704 2399 1759 2429 in-

329 2445 450 2477 teriori
468 2444 712 2476 seruaueritL
759 2444 772 2484 11
825 2446 864 2475 22
892 2444 976 2484 legis
995 2454 1058 2476 om.
1085 2445 1156 2486 Diy.
1203 2445 1215 2485 Η
1257 2447 1295 2476 23
1324 2444 1532 2476 humiliores
1549 2446 1610 2476 aut>
1627 2444 1705 2485 Diq.
1748 2441 1760 2486 ΙΙ

327 2491 546 2522 damnantur
563 2490 639 2530 Diy.
695 2489 708 2530 ΙΙ
760 2492 799 2521 24
827 2491 1103 2522 instrumentum
1123 2491 1200 2531 Diy.
1254 2491 1268 2531 ΙΙ
1319 2491 1390 2521 litis
1408 2490 1502 2530 Di9.‚
1522 2490 1684 2522 utilitatis
1702 2498 1760 2521 co-

327 2538 416 2568 dices
456 2535 469 2575 ΙΙ
510 2538 550 2567 25
576 2535 758 2577 proditum
776 2536 853 2576 Diy.
897 2535 910 2575 ΙΙ
950 2539 992 2567 26
1020 2539 1100 2568 sunt
1123 2562 1128 2567 .
1151 2561 1157 2567 .
1182 2562 1187 2567 .
1209 2539 1250 2567 27
1271 2536 1494 2568 honestiores
1511 2535 1606 2576 sunt]
1627 2537 1671 2567 ad
1688 2536 1760 2567 sint

331 2608 337 2613 .
362 2607 368 2613 .
392 2607 398 2613 .
427 2582 650 2613 honestiores
675 2582 801 2613 ducunt
827 2581 904 2621 Εἰς).
970 2582 983 2621 ΙΙ
1046 2585 1085 2613 27
1114 2585 1213 2623 parte
1238 2581 1416 2613 bonorum
1444 2581 1592 2613 dimidia
1618 2581 1697 2621 Diy.
1747 2578 1759 2622 ΙΙ

330 2630 370 2658 29
396 2628 485 2659 actis
502 2628 596 2665 dett„
617 2629 774 2668 acceptis
792 2627 829 2663 L,
849 2636 912 2658 om.
937 2628 971 2657 M
