1942 3081
355 129 452 161 Paul.
473 130 637 168 1v‚4—3
872 152 985 159 —.
1045 130 1098 169 96
1158 152 1270 159 --

351 255 494 294 lictum
535 267 800 306 quocumque
832 255 951 295 modo
983 256 1116 307 patria
1147 262 1348 307 potestate
1386 253 1561 293 liberato
1592 253 1786 294 debetur.

282 314 323 351 13
352 312 494 364 Rogati
518 312 697 351 inuicem
729 311 834 362 sibi,
861 313 894 351 si
917 313 1008 351 sine
1030 312 1175 352 liberis
1203 311 1486 360 decesserint,
1514 310 1789 350 hereditatem

353 370 595 420 restituere,
640 370 770 408 altero
801 369 1032 409 decedente
1064 369 1153 408 sine
1185 369 1331 408 liberis
1367 368 1580 408 hereditas
1611 367 1663 407 ad
1695 381 1790 407 eum

352 427 546 478 peruenit
573 426 646 478 qui
668 427 924 478 superuixit:
951 439 1029 466 nec
1053 439 1105 465 ex
1127 439 1173 466 eo
1196 427 1346 478 pacisci
1371 433 1511 465 contra
1532 425 1790 464 uoluntatem

281 486 324 523 it
352 484 562 523 testatoris
583 490 771 535 possunt.
836 485 965 523 Heres
987 491 1082 523 ante
1114 482 1266 523 aditam
1300 482 1598 530 hereditatem,
1634 482 1791 534 legata-

352 542 439 580 rius
470 547 695 592 antequam
734 541 913 592 legatum
946 541 1145 592 accipiat,
1182 540 1545 579 fideicommissum
1580 546 1790 591 praestare

282 600 324 637 15
351 611 433 636 non
456 604 645 649 possunt.
709 598 809 636 Rem
833 597 1194 636 fideicommissam
1217 598 1249 636 si
1272 598 1394 636 heres
1415 596 1656 636 uendiderit
1678 609 1792 636 eam-

353 668 434 706 que
467 655 604 694 sciens
645 655 918 706 compararit,
962 654 1092 693 nihilo
1123 655 1263 693 minus
1294 655 1336 692 in
1366 655 1671 706 possessionem
1700 654 1791 693 eius

282 714 324 752 16
352 711 759 751 fideicommissarius
777 712 881 750 mitti
900 712 990 750 iure
1012 710 1241 750 desiderat.
1277 712 1476 758 Quotiens
1494 711 1653 750 libertis
1672 710 1793 750 fidei-

352 770 616 807 commissum
634 769 900 819 relinquitur,
927 767 979 808 ad
997 780 1065 806 eos
1081 767 1366 807 tantummodo
1388 769 1544 820 placuit
1560 768 1786 819 pertinere,

351 827 423 877 qui
454 826 700 865 manumissi
732 832 828 864 sunt
859 826 926 864 uel
949 826 1020 876 qui
1045 826 1086 863 in
1110 825 1254 864 eodem
1284 832 1532 865 testamento
1554 824 1789 864 libertatem

282 885 324 923 17
353 885 460 922 intra
497 895 716 922 numerum
757 883 989 934 legitimum
1029 883 1239 921 consecuti
1271 889 1383 921 sunt.
1449 882 1524 921 Cui
1554 881 1606 921 ab
1636 881 1790 920 herede

352 939 716 979 fideicommissum
749 952 831 978 non
853 946 1113 991 praestatur,
1146 952 1228 978 non
1259 940 1391 978 solum
1415 941 1457 978 in
1489 952 1554 978 res
1577 937 1791 978 heredita-

281 1000 324 1036 18
352 998 454 1047 rias,
490 996 564 1036 sed
587 1004 628 1036 et
651 998 692 1035 in
724 997 917 1048 proprias
940 996 1106 1035 heredis
1138 996 1364 1036 inducitur.
1429 997 1496 1036 lus
1526 1009 1647 1036 omne
1670 995 1791 1035 fidei-

280 1058 324 1094 19
351 1055 557 1093 commissi
579 1067 661 1093 non
685 1055 727 1092 in
748 1053 1047 1104 uindicatione,
1073 1053 1148 1093 sed
1168 1055 1210 1092 in
1234 1054 1435 1104 petitione
1463 1053 1665 1092 consistit.
1699 1052 1790 1091 *Fi-

350 1111 711 1150 *deicommissum
750 1111 942 1150 relictum
973 1118 1014 1150 et
1043 1110 1156 1162 apud
1192 1124 1287 1150 euni
1318 1112 1383 1150 cui
1414 1111 1606 1150 relictum
1642 1116 1705 1150 est
1738 1122 1791 1149 ex

350 1169 499 1208 >³¹‘causa
527 1169 730 1208 lucratiua
760 1169 980 1208 inuentum
1016 1169 1201 1219 extingui
1231 1168 1408 1219 placuit,
1454 1168 1535 1207 nisi
1567 1166 1791 1207 defunctus

274 1231 323 1267 20
349 1226 702 1265 *aestimationem
735 1238 902 1277 quoque
925 1227 1015 1265 eius
1037 1226 1239 1276 praestari
1272 1225 1418 1264 uoluit.
1480 1225 1691 1264 Columnis
1719 1236 1791 1263 ae-

350 1283 489 1322 *dium
520 1283 587 1322 uel
610 1284 738 1334 tignis
769 1295 845 1334 per
868 1281 1233 1322 fideicommissum
1258 1283 1412 1322 relictis
1435 1295 1480 1321 ea
1504 1280 1788 1321 tantummodo

351 1340 656 1391 *amplissimus
687 1340 785 1378 ordo
816 1340 1020 1391 praestari
1053 1340 1185 1378 uoluit
1215 1340 1329 1378 nulla
1361 1339 1660 1379 aestimationis
1683 1337 1787 1377 facta

349 1398 599 1448 '‘mentione,
628 1409 734 1448 quae
757 1398 847 1436 sinc
869 1396 1022 1436 domus
1035 1397 1189 1435 iniuria
1211 1396 1366 1435 auferri
1390 1396 1606 1448 possunt.*

625 1521 664 1560 ‘11
726 1534 774 1559 nn
806 1534 972 1560 sanun-vs
1004 1534 1205 1561 CONSVLTO
1238 1519 1512 1573 mannifluo]

625 1557 635 1573 k

464 1602 644 1641 Senatus
673 1602 860 1641 consulto
892 1600 1150 1640 Trebelliano
1180 1608 1443 1653 prospectum
1475 1607 1559 1650 est,
1593 1612 1647 1639 ne
1677 1599 1789 1638 solus

350 1660 471 1698 heres
493 1658 685 1698 omnibus
707 1658 972 1698 hereditariis
996 1658 1228 1698 actionibus
1249 1655 1462 1697 oneretur.
1505 1664 1546 1696 et
1567 1657 1661 1697 ideo
1683 1669 1788 1708 quo-

351 1717 458 1755 tiens
494 1715 708 1755 hereditas
738 1729 789 1755 ex
819 1728 942 1755 causa
974 1715 1282 1754 fideicommissi
1312 1715 1569 1763 restituitur,
1605 1714 1787 1754 actiones

351 1775 441 1812 eius
458 1774 499 1812 in
518 1772 945 1812 fideicommissarium
963 1772 1285 1821 transferuntur,
1308 1773 1406 1823 quia
1422 1772 1652 1822 unicuique
1669 1770 1787 1810 dam-

350 1843 491 1869 nosam
515 1843 603 1869 esse
628 1829 751 1869 fidem
775 1842 890 1869 suam
913 1842 993 1868 non
1018 1836 1194 1881 oportet.

645 1954 700 2006 [ιιι
759 1967 807 1994 DE
839 1968 1002 1994 sexnvs
1035 1966 1236 1993 coxsvtro
1269 1952 1491 2005 PEGASIANO]

308 2039 316 2075 1
465 2036 576 2074 Inter
606 2034 805 2074 heredem
836 2042 876 2074 et
908 2034 1360 2075 fideicommissarium,
1394 2034 1460 2072 cui
1491 2045 1542 2071 ex
1565 2032 1786 2083 Pegasiano

351 2092 561 2131 hereditas
585 2093 843 2143 restituitur,
869 2093 1000 2144 partis
1022 2098 1061 2130 et
1083 2103 1158 2142 pro
1180 2097 1297 2142 parte
1319 2090 1532 2142 stipulatio
1554 2089 1786 2141 interponi-

351 2157 439 2199 tur,
467 2157 510 2188 ut
543 2149 685 2188 heredi
708 2149 896 2188 instituto
919 2161 991 2200 pro
1013 2155 1160 2200 quarta
1181 2148 1386 2196 actiones,
1412 2160 1485 2198 pro
1507 2147 1657 2186 ceteris
1684 2159 1785 2185 uero

350 2206 610 2258 portionibus
632 2206 1014 2245 fideicommissario
1035 2211 1285 2257 competant.
1349 2205 1487 2243 Totam
1510 2203 1784 2243 hereditatem

352 2265 570 2303 restituere
588 2270 754 2313 rogatus
771 2264 803 2301 si
822 2270 1012 2314 quartam
1027 2263 1210 2301 retinere
1228 2262 1344 2312 nolit,
1371 2261 1501 2312 magis
1523 2267 1601 2310 est,
1626 2266 1672 2299 ut
1693 2272 1784 2299 eam

351 2334 401 2359 ex
423 2320 682 2359 Trebelliano
710 2320 859 2359 debeat
891 2321 1136 2358 restituere:
1173 2326 1272 2358 tunc
1304 2319 1414 2358 enim
1437 2329 1579 2357 omnes
1599 2318 1785 2357 actiones

301 2210 322 2247 Ν)

454 2437 463 2441 a
476 2434 744 2441 α,ν«μ,.ινυ,ιφν«
758 2434 1018 2440 γινιαανψιαψαμ,
1032 2434 1126 2440 «μήα,
1161 2434 1211 2440 AV„
1224 2437 1229 2439 ,
1244 2429 1713 2439 ..tuda-auuuffvffv-aeuauvvvvvxm
1726 2428 1780 2435 >am

445 2494 475 2529 i,
502 2494 550 2522 19.
571 2492 612 2521 20
633 2503 672 2517 =
697 2490 771 2530 1159.
795 2493 848 2528 32,
869 2492 923 2527 21,
948 2492 976 2520 ιι.
1000 2492 1017 2519 2

1534 2578 1543 2583 a
1559 2580 1563 2583 t
1576 2576 1594 2583 γ’
1600 2576 1676 2583 «κων»,
1682 2576 1781 2584 vxxx«

443 2665 480 2692 τῇ
513 2661 712 2692 restituitur
729 2660 822 2697 dett„
852 2660 1058 2690 restituetur
1076 2658 1137 2689 ML
1179 2659 1192 2698 tl
1233 2659 1274 2688 26
1300 2657 1377 2688 eius
1396 2657 1441 2695 M,
1469 2657 1546 2689 eius
1564 2665 1634 2688 non
1653 2656 1679 2688 L

1819 775 1858 802 to

1819 1060 1858 1088 ⁴5

1815 1345 1858 1372 20

1813 1720 1858 1750 25

1811 2096 1854 2125 30
