1966 3081
679 178 785 183 --·
848 157 900 196 25
962 179 1072 184 —-
1455 158 1590 198 Upi:

160 281 414 320 Latinitatem
448 281 738 331 consequitur,
785 280 895 331 quod
930 293 1008 318 non
1043 282 1200 331 prolicit
1234 281 1284 318 ad
1319 281 1591 320 hereditatem

109 338 131 375 9
158 337 415 389 capiendam.
471 338 638 376 Alienos
660 350 803 375 seruos
826 336 1003 376 heredes
1036 337 1251 375 instituere
1287 350 1504 388 possumus
1527 352 1594 377 eos⁴

158 390 328 445 tantum,
357 407 531 446 quorum
555 407 647 433 oum
672 393 851 432 dominis
874 395 1111 432 testamenti
1137 393 1349 433 factionem
1375 394 1590 434 habemus.

82 451 130 488 to
159 451 397 491 Communis
428 463 577 490 seruus
618 463 710 489 oum
743 450 935 490 libertate
967 457 1076 489 recte
1111 450 1281 501 quidem
1323 451 1442 490 heres
1474 452 1595 490 insti-

159 509 291 547 tuitur
312 509 427 559 quasi
450 508 645 559 proprius
677 520 751 559 pro
774 513 890 558 parte
921 514 1081 546 nostra:
1109 508 1198 546 sine
1232 506 1425 546 libertate
1458 514 1593 546 autem

82 564 124 602 Μ
159 566 277 616 quasi
317 565 479 604 alienus
511 570 680 616 propter
711 565 809 603 socii
852 570 1025 616 partem.
1090 564 1284 615 Proprius
1319 577 1470 603 seruus
1502 578 1592 603 cum

124 640 128 641 ⁷
161 621 350 661 libertate
391 622 513 660 heres
552 623 769 660 institutus
807 622 840 660 si
883 621 1053 672 quidem
1086 622 1128 659 in
1167 621 1315 660 eadem
1347 634 1466 660 causa
1500 634 1596 673 per-

161 680 371 728 manserit,
410 692 461 717 ex
493 685 739 717 testamento
772 678 877 717 liber
909 686 948 717 et
981 679 1103 717 heres
1135 678 1201 728 fit,
1239 678 1280 717 id
1313 685 1375 717 est
1405 691 1598 717 necessa-

83 735 132 773 42
162 737 262 775 rius.
326 735 443 782 Quod
485 737 517 774 si
549 735 601 774 ab
644 737 730 786 ipso
763 742 956 774 testatore
998 737 1168 775 uiuente
1211 736 1490 774 manumissus
1530 736 1595 774 uel

159 794 364 831 alienatus
395 794 470 843 sit,
515 806 588 832 suo
619 793 790 831 arbitrio
833 793 897 832 uel
933 794 1047 832 iussu
1089 794 1288 843 emptoris
1321 792 1596 831 hereditatem

159 850 274 890 adire
298 856 447 901 potest.
503 850 573 890 sed
599 851 631 888 si
665 851 753 888 sine
778 849 968 889 libertate
992 851 1045 889 sit
1071 850 1301 899 instituam,
1329 851 1495 888 omnino
1517 862 1595 888 non

84 906 131 944 43
159 907 345 946 consistit
368 908 584 952 institutio.
619 906 794 946 Alienus
816 920 967 946 seruus
989 908 1111 946 heres
1134 908 1350 946 institutus
1372 907 1406 945 si
1430 906 1596 958 quidem

160 965 202 1003 in
234 977 280 1003 ea
320 976 443 1003 causa
475 965 773 1016 permanserit,
813 965 929 1003 iussu
969 964 1126 1002 domini
1157 963 1283 1003 debet
1324 964 1596 1002 hereditatem

160 1021 291 1060 adire.
349 1021 461 1072 quod
493 1023 528 1060 si
560 1023 657 1060 uiuo
698 1028 895 1060 testatore
929 1021 1208 1060 manumissus
1250 1028 1319 1060 aut
1351 1021 1556 1060 alienatus
1577 1034 1596 1059 a

161 1078 326 1117 domino
358 1078 506 1127 fuerit,
543 1085 611 1117 aut
645 1090 718 1117 suo
749 1078 919 1116 arbitrio
960 1085 1029 1117 aut
1065 1079 1179 1117 iussu
1219 1079 1419 1129 emptoris
1452 1079 1599 1129 poterit

160 1135 277 1174 adire
299 1135 590 1174 hereditatem.

84 1194 132 1232 44
275 1193 347 1231 Sui
370 1192 550 1231 heredes
570 1191 816 1231 instituendi
839 1198 936 1230 sunt
955 1192 1022 1230 1161
1041 1190 1339 1230 exheredandi.
1375 1192 1437 1230 sui
1462 1198 1599 1230 autem

161 1249 339 1288 heredes
368 1256 465 1288 sunt
488 1249 631 1295 liberi,
659 1261 761 1299 quos
785 1250 824 1287 in
858 1255 1060 1300 potestate
1085 1247 1298 1297 hahemus,
1325 1255 1406 1287 tam
1430 1255 1601 1287 natura—

160 1307 221 1345 les
242 1318 367 1357 quam
389 1306 598 1357 adoptini:
636 1308 731 1345 item
756 1319 882 1355 uxor,
916 1318 1022 1357 quae
1046 1306 1085 1343 in
1120 1318 1244 1344 manu
1269 1313 1349 1353 est,
1388 1312 1427 1343 et
1451 1318 1596 1344 nurus.

84 1365 133 1403 45
162 1364 334 1414 quaein
358 1376 483 1402 manu
511 1371 572 1402 est
596 1364 682 1412 filii,
710 1376 833 1414 quem
859 1365 897 1402 in
929 1370 1131 1415 potestate
1155 1362 1373 1401 habemus.
1419 1363 1598 1401 Postumi

162 1433 327 1472 quoque
351 1420 496 1471 liberi⁷
526 1420 568 1459 id
590 1428 650 1460 est
674 1422 746 1471 qui
769 1422 811 1459 111
835 1426 953 1459 utero
977 1426 1092 1467 511111,
1121 1420 1155 1457 51
1178 1420 1279 1458 tales
1301 1426 1420 1468 sunt⁷
1448 1427 1491 1458 ut
1514 1420 1600 1458 nati

163 1479 204 1516 in
226 1484 430 1529 potestate
447 1483 584 1516 nostra
607 1478 735 1516 futuri
760 1479 855 1527 sint,
883 1490 1055 1516 suorum
1073 1476 1272 1515 heredum
1291 1489 1463 1516 numero
1486 1484 1597 1515 sunt.

84 1537 135 1574 tf>
164 1536 225 1573 Ex
240 1536 327 1573 suis
350 1534 580 1574 heredibus
599 1535 708 1573 filius
731 1535 902 1585 quidem
923 1547 1061 1585 neque
1085 1535 1207 1572 heres
1227 1534 1442 1572 institutus
1461 1546 1601 1584 neque

86 1594 135 1631 47
164 1593 403 1630 nominatim
427 1592 705 1631 exheredatus
728 1605 808 1630 non
832 1593 990 1642 patitur
1010 1591 1150 1630 ualere
1175 1597 1484 1629 testamentum.
1522 1591 1602 1629 Re-

163 1649 300 1700 liquae
332 1661 431 1688 uero
461 1661 664 1700 personae
695 1648 941 1698 liberorum⁷
969 1648 1082 1687 uelut
1108 1648 1188 1686 lilia
1220 1660 1349 1699 nepos
1372 1649 1531 1699 neptis,
1567 1649 1599 1685 si
1630 1664 1638 1669 ·

164 1707 412 1757 praeteritae
443 1707 546 1753 sint,
582 1707 695 1745 ualet
725 1712 1043 1754 testamentum,
1079 1705 1148 1743 secl
1176 1705 1345 1755 scriptis
1374 1704 1603 1743 heredibus

163 1762 432 1813 adcrescunt,
468 1764 554 1802 suis
586 1762 757 1814 quidem
788 1762 1017 1801 heredibus
1050 1763 1090 1800 in
1114 1769 1274 1812 partem
1304 1762 1494 1809 uirilem,
1530 1774 1604 1800 ex-

86 1822 136 1859 48
164 1821 321 1859 traneis
352 1826 489 1858 autem
523 1821 564 1858 in
596 1827 758 1871 partem
782 1819 1014 1858 dimidiam.
1071 1820 1251 1857 Postumi
1282 1831 1449 1870 quoque
1482 1818 1601 1857 liberi

163 1878 465 1927 cuiuscumque
496 1890 620 1916 sexus
643 1878 805 1925 omissi,
842 1876 953 1928 quod
974 1877 1106 1916 ualuit
1129 1882 1448 1925 testamentum⁷
1476 1888 1604 1926 agna-

88 1936 136 1974 19
165 1935 274 1973 tione
298 1939 509 1985 rumpunt.
566 1935 644 1973 Eos
677 1935 749 1986 qui
781 1935 823 1972 111
856 1940 974 1973 utero
1006 1940 1126 1982 sunt,
1164 1933 1198 1971 si
1223 1934 1309 1971 nati
1332 1933 1396 1972 sui
1427 1931 1604 1972 heredes

163 1990 283 2030 nobis
312 1990 441 2030 futuri
465 1999 585 2041 sunt⁷
620 2004 842 2043 possumus
874 1991 1095 2030 instituere
1126 1989 1326 2040 heredes,
1365 1991 1399 2028 si
1432 1989 1601 2041 quidem

163 2054 255 2099 post
274 2055 446 2087 mortem
469 2056 649 2087 nostram
668 2055 906 2097 nascantur,
933 2061 985 2087 ex
1008 2049 1099 2086 iure
1117 2048 1246 2095 6111111,
1272 2047 1306 2085 51
1330 2059 1429 2086 uero
1451 2049 1605 2085 uiuen-

86 2107 136 2145 20
165 2104 277 2144 tibus
299 2105 433 2154 nohis,
460 2119 512 2145 ex
534 2106 624 2157 lege
646 2106 776 2145 Iunia.
831 2105 957 2144 Filius
978 2105 1049 2155 qui
1073 2105 1114 2143 in
1137 2110 1339 2154 potestate
1363 2110 1438 2155 est⁷
1465 2105 1500 2143 si
1523 2116 1600 2142 uon

167 2163 407 2201 instituatur
437 2163 579 2212 heres,
615 2163 858 2201 nominatim
891 2161 1138 2201 exheredari
1170 2161 1318 2200 debet:
1358 2161 1506 2212 reliqui
1539 2161 1602 2200 sui

168 2219 341 2258 heredes
379 2221 599 2271 utriusque
630 2232 755 2258 sexus
791 2226 861 2258 aut
891 2219 1136 2258 nominatim
1171 2224 1242 2257 aut
1278 2218 1390 2256 inter
1426 2225 1597 2257 ceteros.

87 2278 132 2317 21
168 2277 383 2315 Postumus
414 2276 524 2315 filius
555 2277 798 2315 nominatim
830 2275 1150 2315 exheredandus
1180 2282 1265 2314 est:
1300 2274 1384 2313 filia
1414 2281 1601 2326 postuma

167 2340 416 2384 ceteraeque
449 2341 663 2385 postumae
697 2333 872 2372 feminae
894 2333 963 2372 uel
995 2333 1237 2371 nominatim
1261 2332 1329 2371 uel
1360 2333 1470 2370 inter
1491 2339 1603 2369 cete-

257 2458 423 2465 »»x2⁷«<„
456 2460 461 2464 κ
474 2458 488 2465 2

261 2553 272 2581 4
304 2550 474 2582 latinitate
497 2550 521 2582 C
560 2548 571 2592 ΙΙ
613 2553 628 2580 3
653 2552 791 2580 tantum
810 2549 918 2589 Huqo,
940 2551 1057 2580 tamen
1081 2548 1105 2580 C
1138 2546 1151 2590 11
1187 2547 1321 2579 domini
1345 2546 1369 2577 C
1404 2547 1405 2550 ’
1449 2545 1601 2577 faotione⁸

172 2595 197 2627 C
234 2594 246 2638 ΙΙ
286 2598 302 2627 5
330 2599 474 2637 propter
498 2599 635 2637 partem
661 2598 818 2626 nostram
838 2594 991 2625 Huschke
1029 2592 1041 2635 Η
1080 2596 1332 2624 c2211umemm
1355 2591 1379 2623 C
1417 2589 1429 2633 ΙΙ
1470 2593 1509 2622 :U
1538 2601 1603 2622 no—

170 2642 293 2673 minati
310 2651 382 2682 quo
401 2642 520 2673 exher.
545 2641 569 2673 C
614 2638 626 2683 ΙΙ
675 2643 715 2671 26
743 2640 804 2672 sed
828 2640 999 2677 omacius,
1019 2648 1084 2670 om.
1110 2639 1135 2671 C
1180 2636 1192 2680 Η
1240 2640 1280 2667 29
1306 2637 1485 2674 agnitione
1504 2646 1604 2668 rum-

169 2689 305 2728 puntur
325 2687 349 2718 C
388 2685 400 2728 Η
427 2691 479 2718 ⁷33
509 2688 602 2719 iunia
623 2687 809 2726 Schultingl,
832 2685 915 2717 iulia
938 2685 962 2716 C

1625 801 1664 828 to

1628 1086 1666 1114 Ὶ15

1631 1940 1669 1968 30

1631 2225 1669 2253 35
