1942 3081
335 80 553 118 Paul.Ill,6
855 102 969 108 -.-.
1030 80 1080 119 33
1141 102 1254 108 -.-

336 206 497 256 integro
521 211 715 245 manente
739 205 847 245 setus
869 205 921 244 ad
938 204 1294 245 usufructuarium
1319 205 1544 256 pertinent,
1570 204 1684 244 saluo
1706 217 1768 253 eo,

255 262 301 299 Ἦ
334 269 380 301 ut
411 261 621 314 quidquid
651 264 765 314 gregi
790 261 1039 314 deperierit,
1078 275 1130 302 ex
1154 261 1307 301 fetibus
1340 261 1576 313 impleatur.
1640 262 1770 300 Areae

255 320 307 357 22
335 319 555 359 usufructu
579 320 708 372 legato
732 320 920 360 aedificia
945 321 985 359 in
1010 332 1056 358 ea
1078 320 1271 359 constitui
1295 331 1375 358 non
1398 325 1585 368 possunt.
1620 317 1771 357 Acces-

334 377 394 415 sio
417 375 469 416 ab
497 377 706 417 alluuione
739 376 790 416 ad
814 377 1087 416 fructuarium
1110 376 1308 427 fundum,
1345 377 1442 428 quia
1467 375 1626 415 fructus
1655 374 1770 415 fundi

335 446 414 472 non
438 440 514 484 est,
540 447 623 473 non
654 435 854 486 pertinet:
893 435 1129 474 uenationis
1151 447 1251 473 uero
1274 441 1313 473 et
1347 434 1513 484 aucupii
1537 432 1698 471 reditus
1720 431 1772 471 ad

255 491 306 528 23
336 490 610 531 fructuarium
633 492 860 542 pertinent.
917 492 1070 530 Seruos
1092 503 1230 542 neque
1252 498 1450 542 torquere
1471 502 1608 541 neque
1630 489 1773 541 flagel-

335 548 385 587 lis
407 547 582 587 caedere
605 561 741 600 neque
765 549 807 586 in
830 561 925 587 eum
947 561 1089 587 casum
1107 547 1210 587 facto
1233 561 1305 587 suo
1327 547 1560 599 perducere
1578 545 1773 586 usufruc—

255 605 305 643 24
334 605 495 644 tuarius
527 612 684 657 potest.
727 618 808 657 quo
838 604 1068 644 deteriores
1097 606 1210 643 fiant.
1274 606 1425 644 Fructu
1455 605 1589 656 legato
1611 604 1644 643 si
1673 616 1774 643 usus

334 675 416 701 non
446 661 730 709 adscribatur,
764 663 895 713 magis
917 662 1072 713 placuit
1094 660 1401 701 usumfructum
1430 661 1568 701 uideri
1590 660 1775 712 adscrip-

255 718 306 756 ⁶25
334 726 436 758 tum.
472 719 634 759 fructus
657 720 766 758 enim
789 721 879 758 sine
902 731 981 758 usu
1004 731 1097 758 esse
1119 731 1201 757 non
1224 725 1412 770 possunt.
1448 719 1491 758 Si
1514 719 1631 758 alteri
1655 730 1768 767 usus,

335 776 454 815 alteri
486 775 646 816 fructus
668 777 827 828 legatus
850 777 925 825 sit,
961 774 1213 815 fructuarius
1237 777 1278 814 in
1301 788 1381 815 usu
1404 777 1634 823 concurrit,
1662 774 1772 827 quod

256 834 307 871 ⁶26
338 834 377 871 in
414 832 553 872 fructu
583 834 781 873 usuarius
820 832 957 872 facere
986 845 1068 872 non
1110 839 1258 884 potest.
1324 832 1583 872 Coniunctim
1612 831 1774 871 duobus

334 889 599 930 ususfructus
638 904 689 930 no
720 903 820 929 Laco
860 891 1019 942 legatus
1060 890 1188 929 aiteio
1227 896 1387 928 mortuo
1423 889 1477 929 ad
1515 889 1691 929 alterum
1731 890 1772 928 in

256 946 307 985 ⁵27
334 946 514 986 solidum
537 947 783 1000 pertinebit
845 946 1072 986 Vsufructu
1094 947 1226 987 leonto
1254 946 1306 985 de
1329 946 1449 986 modo
1469 945 1618 986 utendi
1640 947 1774 986 cautio

334 1017 355 1043 a
378 1004 603 1044 fructuario
621 1006 723 1044 solet
743 1006 964 1057 interponi,
993 1011 1033 1044 et
1054 988 1154 1044 ideo
1167 1003 1339 1056 perinde
1358 1005 1496 1043 omnia
1518 1016 1562 1043 se
1581 1016 1769 1053 usurum,

334 1074 380 1101 ac
402 1062 436 1100 si
466 1063 646 1114 optimus
676 1070 796 1114 pater
826 1062 1003 1101 familias
1031 1068 1244 1111 uteretur,
1281 1060 1599 1100 fideiussoribus
1630 1060 1775 1099 oblatis

267 1118 309 1155 7ὃ
335 1131 485 1158 cauere
507 1120 682 1171 cogitur.
746 1119 952 1158 *Arbores
980 1119 1024 1158 ui
1048 1120 1331 1170 tempestatis,
1358 1131 1441 1157 non
1464 1118 1583 1170 culpa
1617 1116 1776 1157 fructu-

265 1171 308 1213 7b
333 1176 434 1215 *arii
458 1189 627 1216 euersas
650 1176 702 1216 ab
726 1189 772 1216 eo
794 1176 993 1216 substitui
1016 1188 1098 1214 non
1119 1176 1268 1227 placet.
1334 1174 1548 1227 Quidquid
1580 1177 1623 1214 in
1647 1173 1775 1214 fundo

334 1234 544 1273 *nascitur
573 1234 641 1273 uel
663 1233 871 1286 quidquid
894 1233 990 1272 inde
1012 1234 1268 1285 percipitur,
1304 1232 1357 1272 ad
1381 1231 1655 1272 fructuarium
1678 1245 1776 1284 per-

333 1290 482 1329 *tinetc
524 1292 747 1343 pensiones
780 1303 945 1343 quoque
978 1292 1058 1329 iam
1089 1297 1210 1329 antea
1241 1291 1464 1329 locatorum
1487 1301 1679 1341 agrorum
1740 1290 1773 1327 si

335 1348 473 1399 *ipsae
497 1360 665 1400 quoque
687 1349 926 1400 specialiter
951 1348 1275 1398 comprehensae
1299 1348 1393 1386 sint.
1459 1346 1533 1386 sed
1557 1346 1608 1386 ad
1632 1359 1775 1385 exem-

335 1405 473 1456 *plum
506 1405 783 1455 uenditionis,
821 1406 900 1444 nisi
933 1405 1089 1444 suerint
1118 1405 1355 1455 specialiter
1385 1411 1603 1455 exceptae,
1639 1410 1773 1455 potest

239 1461 310 1498 27⁰
337 1460 697 1502 *usufructuarius
729 1461 1023 1502 conductorem
1056 1462 1277 1514 repellere.
1343 1461 1495 1501 Caesae
1528 1460 1775 1500 harundinis

335 1518 427 1558 *uel
447 1519 528 1571 pali
561 1520 874 1570 compendium,
910 1520 944 1558 si
975 1520 1017 1558 in
1052 1532 1098 1558 eo
1129 1531 1294 1570 quoque
1327 1517 1444 1557 fundi
1478 1517 1653 1570 uectigal
1685 1529 1775 1557 esse

258 1576 309 1612 ⁶28
336 1575 599 1625 *consueuit,
635 1577 688 1616 ad
711 1576 987 1616 fructuarium
1019 1577 1244 1628 pertinen*
1303 1574 1572 1614 Vsusfructus
1599 1575 1776 1614 amissus

335 1632 387 1672 ad
416 1635 715 1686 proprietatem
746 1635 936 1673 recurrit.
997 1634 1202 1672 amittitur
1230 1639 1368 1672 autem
1400 1634 1588 1684 quinque
1617 1631 1772 1671 modis:

337 1691 484 1742 capitis
507 1691 751 1741 minutione,
781 1692 837 1730 rei
861 1691 1180 1742 permutatione,
1209 1703 1290 1729 non
1312 1689 1483 1739 utendo,
1510 1691 1552 1728 in
1575 1690 1664 1728 iure
1688 1701 1778 1728 ces-

258 1747 309 1784 29
337 1747 466 1797 sione,
494 1747 667 1787 dominii
691 1748 1013 1799 comparatione.
1070 1747 1223 1798 Capitis
1245 1748 1474 1786 minutione
1498 1747 1702 1785 amittitur
1742 1746 1775 1785 si

339 1805 380 1842 in
413 1805 590 1844 insulam
622 1804 875 1845 fructuarius
907 1804 1171 1856 deportetur,
1208 1804 1277 1843 uel
1309 1805 1343 1843 si
1377 1817 1428 1843 ex
1469 1815 1591 1843 causa
1623 1802 1776 1842 metalli

337 1873 486 1901 seruus
502 1874 661 1913 poenae
678 1861 895 1911 efficiatur,
923 1868 963 1900 et
980 1862 1014 1899 si
1037 1867 1189 1900 statum
1207 1874 1257 1900 ex
1280 1860 1546 1912 adrogatione
1563 1860 1629 1899 uel
1647 1859 1778 1911 adop-

259 1918 309 1955 30
339 1919 448 1958 tione
472 1920 711 1958 mutauerit.
774 1920 861 1958 Non
892 1917 1047 1958 utendo
1076 1919 1282 1957 amittitur
1302 1918 1589 1963 ususfructus,
1624 1918 1659 1956 si
1682 1929 1778 1969 pos-

338 1976 520 2015 sessione
544 1975 662 2015 fundi
684 1976 855 2015 biennio
879 1976 1132 2015 fructuarius
1154 1988 1236 2013 non
1259 1982 1412 2014 utatur.
1438 1975 1507 2014 uel
1531 1975 1590 2013 rei
1612 1973 1778 2013 mobilis

259 2032 304 2070 3sl
337 2045 460 2071 anno.
514 2033 587 2072 Rei
620 2035 849 2073 mutatione
879 2033 1086 2072 amittitur
1106 2032 1392 2080 ususfructus,
1419 2033 1452 2071 si
1476 2031 1621 2071 domus
1644 2032 1778 2082 legata

339 2089 533 2129 incendio
564 2090 884 2143 conflagrauerit
914 2095 985 2129 aut
1006 2090 1126 2129 ruina
1148 2086 1339 2140 perierit.
1373 2090 1468 2128 licet
1488 2094 1628 2140 postea
1653 2088 1778 2127 resti-

260 2146 312 2184 3⁶2
340 2153 494 2186 tuatur.
549 2148 594 2185 In
615 2148 704 2187 iure
737 2149 924 2187 cessione
946 2147 1152 2186 amittitur
1173 2146 1459 2195 ususfructus,
1486 2145 1678 2197 quotiens
1702 2144 1776 2184 do-

433 2319 464 2355 6,
484 2319 652 2348 272—270
672 2330 712 2343 =
734 2317 809 2357 Dty.
833 2320 863 2353 7,
888 2319 917 2355 t,
941 2319 979 2348 59

364 2406 919 2414 ‹m-‘J»ffiaemasstn—ssvpae-«f›»2.-.›„›.(
932 2407 1008 2413 tucax„
1022 2407 1043 2412 κγ
1066 2408 1072 2411 κ
1088 2407 1113 2413 »—
1258 2407 1261 2409 >
1310 2408 1314 2411 ,
1331 2408 1335 2411 ,
1352 2406 1367 2411 .-
1384 2406 1391 2411 s
1404 2406 1430 2412 -s-
1445 2406 1451 2409 -
1466 2406 1477 2412 »t
1489 2405 1576 2412 „sl-„1-
1591 2404 1704 2412 xwxx-
1730 2405 1735 2406 ν

432 2479 448 2507 3
470 2476 604 2517 legatae
622 2476 749 2507 codices
789 2475 802 2513 {l
844 2476 860 2505 4
880 2473 1031 2506 fundum
1049 2476 1113 2506 del.
1157 2474 1170 2514 Η
1212 2477 1228 2505 ὅ
1248 2476 1301 2505 est
1319 2473 1402 2514 non]
1423 2476 1474 2505 est
1494 2474 1519 2505 L
1557 2474 1570 2513 Η
1613 2476 1651 2504 43
1672 2482 1779 2506 usus-

339 2521 476 2554 fructus
495 2522 541 2553 do
560 2522 637 2562 lego
655 2521 791 2561 legatus
808 2520 973 2552 Arndts(
966 2521 1019 2560 (.cf
1047 2521 1118 2551 lat.
1141 2521 1210 2559 57)
1240 2518 1506 2552 usumfructum
1525 2519 1571 2551 do
1590 2519 1666 2560 lego
1685 2519 1778 2560 lega-

340 2570 416 2599 tum
434 2569 563 2599 codices
614 2567 627 2606 ΙΙ
681 2569 719 2597 15
749 2568 780 2598 et
798 2575 860 2597 om
885 2566 921 2596 l!
959 2566 972 2606 Η
1014 2566 1174 2606 usurum]
1197 2565 1375 2597 facturum
1398 2564 1555 2597 Cuiacius
1596 2565 1609 2605 ΙΙ
1652 2567 1692 2596 47
1719 2574 1779 2597 co-

340 2615 435 2654 gitur
453 2614 547 2649 dett.‚
573 2615 719 2654 cogetur
737 2612 798 2643 ML

1929 2942 1942 3081 2

1802 725 1840 754 ⁴0

1803 2151 1844 2180 35
