1966 3081
281 563 331 600 25

316 825 325 860 ..—

309 882 332 974 :aaa

312 1337 332 1373 6

309 1562 329 1599 κ]

359 152 525 193 vip.4.2
893 171 1005 178 -
1064 147 1087 188 8
1148 170 1261 177 —-.

358 288 490 327 aeque
533 283 574 315 ut
617 288 668 314 ex
710 276 837 326 priori
878 287 1073 314 numero:
1118 286 1139 312 a
1182 274 1351 324 triginta
1383 284 1517 323 usque
1549 269 1601 310 ad
1631 277 1794 310 centum

359 339 549 383 quartam
582 339 758 384 partem,
795 344 926 383 aeque
958 339 1004 370 ut
1029 331 1172 370 decem
1195 343 1246 369 ex
1269 329 1471 380 superiori
1493 340 1665 367 numero
1687 327 1796 367 libe-

361 391 443 428 rari
475 390 660 441 possint:
698 401 718 427 a
751 396 918 427 centum
949 400 1084 439 usque
1115 386 1167 426 ad
1199 387 1449 438 quingentos
1480 391 1640 437 partem
1670 385 1797 436 quin-

359 454 462 494 tam,
512 446 704 484 similiter
742 452 786 484 ut
828 458 878 484 ex
919 445 1182 484 antecedenti
1218 455 1390 482 numero
1422 442 1573 494 uiginti
1605 442 1794 493 quinque

360 504 519 555 possint
552 503 638 541 fieri
674 502 810 540 liberi.
871 509 910 541 et
933 501 1115 553 denique
1138 501 1357 552 praecipit,
1393 512 1445 538 ne
1467 499 1607 551 plures
1628 499 1794 538 omnino

359 573 482 611 quam
516 567 683 598 centum
717 571 767 597 ex
790 560 1037 610 cuiusquam
1061 564 1309 597 testamento
1332 556 1455 596 liberi
1478 555 1589 595 fiant.
1640 554 1794 594 Eadem

361 618 424 656 lex
457 624 588 666 callet,
627 623 667 655 ut
692 615 907 667 libestates
931 617 1065 654 seruis
1088 620 1335 654 testamento
1357 614 1600 652 nominatim
1622 611 1791 652 dentur.

629 740 669 792 [11
730 752 778 778 m:
809 753 925 778 STATV
956 752 1087 778 LIBERO
1120 752 1186 777 VEL
1219 752 1338 778 S'rATv
1370 738 1527 790 numus}

474 821 550 866 Qui
591 819 668 858 sub
710 818 951 858 condicione
992 826 1242 858 testamento
1283 818 1389 857 liber
1420 831 1511 857 esse
1544 819 1683 857 iussus
1715 824 1790 867 est,

360 885 467 916 statu
492 876 599 915 liber
620 876 870 928 appellatur.
926 877 1044 915 Statu
1076 875 1197 925 liber⁷
1233 874 1434 927 quamdiu
1465 873 1619 925 pendet
1650 873 1795 913 condi-

359 935 434 980 cio,
471 946 618 972 seruus
649 933 818 972 heredis
845 938 914 972 est.
970 934 1087 972 Statu
1110 932 1220 972 liber
1241 946 1315 972 seu
1337 933 1544 971 alienetur
1565 931 1618 971 ab
1640 930 1795 970 herede

361 992 449 1029 siue
483 991 748 1042 usucapiatur
788 989 840 1028 ab
871 990 1031 1041 aliquo,
1078 989 1286 1029 libertatis
1327 988 1614 1029 condicionem
1654 1001 1794 1028 seeum

361 1048 499 1087 trahit.
555 1047 642 1086 Sub
675 1047 749 1087 hac
784 1046 1024 1086 condicione
1049 1046 1156 1086 liber
1178 1060 1269 1086 esse
1295 1048 1448 1096 iussus,
1485 1058 1518 1084 Sl
1541 1058 1664 1084 mzcmi
1688 1057 1795 1083 mult

353 1102 495 1143 'anunm
520 1116 695 1153 mennam,
725 1106 799 1143 etsi
823 1103 874 1142 ab
897 1103 1052 1143 herede
1075 1104 1334 1143 abalienatus
1356 1105 1422 1154 sit,
1459 1104 1635 1154 emptori
1658 1101 1796 1141 dando

360 1163 580 1213 pecuniam
616 1161 667 1200 ad
700 1161 935 1200 libertatem
967 1163 1209 1213 perueniet:
1245 1160 1372 1212 idque
1403 1161 1469 1199 lex
1492 1159 1710 1200 duodecim
1733 1166 1796 1198 ta—

360 1219 552 1257 bularum
578 1218 707 1257 iubet.
762 1219 803 1257 Si
829 1231 904 1270 per
926 1218 1119 1257 heredem
1144 1218 1296 1257 factum
1319 1219 1384 1267 sit,
1421 1230 1501 1269 quo
1524 1219 1662 1256 minus
1686 1222 1796 1255 statu

362 1274 468 1314 liber
500 1275 732 1314 condicioni
764 1282 928 1326 pareat,
963 1274 1138 1325 proinde
1172 1276 1213 1313 fit
1244 1274 1369 1324 liber⁷
1404 1282 1527 1326 atque
1553 1275 1586 1313 si
1610 1272 1796 1312 condicio

360 1332 524 1383 expleta
558 1331 718 1371 fuisset.
783 1332 989 1370 Extraneo
1026 1335 1247 1383 pecuniam
1290 1331 1387 1371 dare
1431 1333 1570 1371 iussus
1610 1338 1643 1370 et
1691 1329 1796 1368 liber

360 1402 466 1438 esse,
498 1390 529 1427 si
554 1396 723 1440 paratus
749 1389 801 1428 sit
825 1388 939 1439 dare,
977 1396 1015 1428 et
1042 1390 1086 1437 is,
1124 1391 1189 1428 cui
1216 1390 1354 1428 iussus
1378 1396 1437 1427 est
1462 1388 1574 1437 dare,
1606 1394 1675 1427 aut
1696 1387 1795 1426 nolit

358 1447 548 1497 accipere
571 1453 639 1484 aut
663 1453 884 1496 antequam
907 1447 1113 1497 acceperit
1137 1447 1359 1495 moriatur,
1395 1444 1570 1497 proinde
1603 1446 1643 1483 fit
1668 1443 1790 1494 liber,

359 1515 403 1541 ac
427 1503 459 1540 si
483 1504 701 1553 pecuniam
726 1501 928 1541 (ledisset.

473 1558 661 1597 Libertas
700 1566 737 1597 et
771 1558 927 1598 directo
959 1566 1092 1610 potest
1127 1559 1216 1598 dari
1249 1560 1321 1598 hoc
1354 1558 1494 1598 modo:
1542 1571 1650 1597 unna
1687 1570 1790 1607 ESTO,

360 1628 465 1654 unm
489 1629 561 1665 5ιτ,
588 1629 751 1655 Linssnvm
774 1629 858 1654 ESSE
880 1629 1005 1665 waso,
1037 1624 1077 1655 et
1100 1629 1174 1668 per
1196 1616 1575 1666 fideicommissum,
1603 1621 1648 1654 ut
1669 1621 1790 1667 puta:

359 1685 483 1722 noso⁷
524 1685 620 1711 rum
659 1684 860 1711 eonimrro
896 1685 1056 1712 HEREDIS
1088 1686 1174 1723 mm,
1216 1687 1262 1712 vr
1295 1674 1465 1712 srzffl‘vn
1496 1685 1637 1712 smvvm
1668 1685 1797 1711 mm-

358 1742 514 1768 mrrss.
570 1732 625 1769 Is.
661 1730 733 1781 qui
765 1729 923 1769 directo
955 1729 1062 1770 liber
1095 1743 1186 1769 esse
1220 1731 1358 1770 iussus
1381 1737 1456 1780 cst,
1491 1731 1657 1769 orcinus
1679 1729 1724 1767 fit
1745 1729 1796 1767 li-

359 1786 516 1825 bertus:
558 1788 592 1825 is
622 1793 783 1828 autem
820 1788 883 1826 cui
918 1801 994 1839 per
1015 1787 1380 1826 fideicommissum
1405 1787 1444 1826 d·
1441 1761 1498 1826 ita
1522 1793 1583 1825 est
1606 1785 1790 1834 libe1tas,

358 1855 439 1881 non
472 1844 701 1891 testatoris,
739 1833 814 1882 sed
847 1845 1160 1884 manumissoris
1194 1844 1237 1883 fit
1268 1843 1459 1883 libertus.
1525 1843 1653 1883 Cuius
1696 1842 1793 1882 fidei

359 1901 555 1938 committi
578 1907 709 1952 potest
735 1900 787 1939 ad
810 1914 894 1939 rem
919 1902 1100 1952 aliquam
1123 1901 1430 1953 praestandam,
1458 1899 1647 1940 eiusdem
1672 1901 1795 1939 etiam

360 1956 530 1996 libertas
564 1957 659 1996 fidei
691 1959 888 1996 committi
914 1965 1061 2010 potest.
1128 1959 1202 1997 Per
1233 1958 1594 1998 fideicommissum
1626 1956 1796 1996 libertas

359 2012 449 2052 dari
481 2021 615 2065 potest
639 2021 719 2052 tam
744 2015 909 2066 proprio
933 2028 1054 2054 seruo
1077 2017 1284 2055 testatoris
1306 2028 1428 2067 quam
1451 2014 1619 2054 heredis
1640 2020 1711 2054 aut
1733 2013 1796 2052 le-

360 2072 503 2121 gatarii
529 2071 594 2109 uel
619 2071 840 2110 cuiuslibet
864 2074 1051 2111 extranei
1075 2085 1210 2111 seruo.
1263 2072 1409 2111 Alieno
1433 2085 1554 2111 seruo
1577 2084 1654 2124 per
1676 2070 1797 2110 fidei-

360 2129 618 2166 commissum
642 2127 734 2166 data
768 2127 959 2167 libertate
992 2131 1025 2167 si
1059 2129 1252 2168 dominus
1283 2142 1379 2168 eum
1412 2131 1517 2168 iusto
1547 2130 1682 2181 pretio
1711 2139 1794 2166 non

358 2183 533 2233 uendat‚
570 2185 830 2235 extinguitur
853 2186 1047 2233 libertas,
1084 2188 1279 2237 quoniam
1302 2199 1377 2226 nec
1400 2187 1525 2239 pretii
1548 2185 1795 2237 computatio

360 2253 430 2292 pro
465 2241 650 2279 libertate
683 2242 769 2280 fieri
803 2249 950 2293 potest.
1006 2243 1192 2282 Libertas
1223 2245 1329 2283 sicut
1359 2243 1472 2293 dari⁷
1510 2244 1563 2281 ita
1597 2249 1637 2281 et
1667 2241 1793 2281 adimi

450 2366 469 2371 „r
483 2366 632 2373 «assella,
645 2368 673 2373 J«
690 2368 695 2371 ⁴
711 2366 762 2373 12*ae
774 2366 881 2373 “jesd-
896 2368 1030 2374 ‘sflssu
1046 2368 1117 2375 ‘aas‘
1134 2371 1137 2373 ,
1154 2371 1178 2375 ,Α
1191 2369 1220 2375 Α»
1235 2370 1326 2375 „avut-
1344 2370 1368 2375 ,Α
1383 2372 1389 2375 »
1403 2374 1426 2375 ⁷⁷

448 2447 466 2475 2
492 2454 681 2477 numerum
705 2445 728 2477 C
764 2445 775 2484 ζλ
813 2448 829 2476 1.
860 2455 1048 2477 nummum
1072 2446 1097 2479 C
1132 2447 1143 2488 Η
1179 2450 1195 2479 5
1216 2447 1396 2489 praecepit
1417 2446 1442 2478 C
1471 2446 1482 2487 Η
1519 2449 1535 2478 8
1555 2446 1679 2486 libero]
1702 2446 1792 2478 libe-

358 2490 478 2522 rumC
513 2487 525 2532 ΙΙ
563 2493 601 2521 40
620 2490 823 2523 statuliber
837 2495 915 2523 ante
929 2492 1179 2532 quamdiuom.
1202 2493 1244 2525 Ca
1281 2491 1293 2535 ΙΙ
1328 2495 1516 2524 ttestom.
1539 2492 1563 2524 C
1597 2490 1610 2534 ss
1645 2494 1792 2523 42usu-

356 2537 518 2577 capiatur
549 2536 719 2574 Camenas,
748 2538 964 2578 suscipiatur
986 2537 1010 2569 C
1048 2536 1060 2578 ΙΙ
1100 2541 1139 2568 45
1166 2539 1380 2579 pccu*niam
1404 2538 1443 2570 Ca
1481 2536 1493 2580 ΙΙ
1532 2537 1586 2569 lex
1612 2546 1675 2568 om.
1701 2536 1743 2569 Ca
1779 2535 1793 2579 ΙΙ

357 2583 396 2611 46
424 2582 554 2613 herede
577 2582 602 2614 C
635 2580 647 2624 ΙΙ
685 2584 723 2613 ⁴8
751 2582 796 2622 et]
817 2585 853 2613 ut
877 2582 901 2613 C
935 2581 947 2624 Η
985 2585 1022 2613 19
1053 2583 1158 2614 nollet
1183 2584 1208 2616 C
1241 2582 1254 2625 Η
1292 2586 1331 2614 210
1359 2583 1512 2615 stichum
1533 2583 1697 2621 Μέναοαε,
1726 2584 1791 2614 iste

356 2635 437 2658 cum
460 2626 484 2658 C
538 2626 541 2667 ᾖ
589 2628 849 2660 manumittatis
876 2629 903 2659 is
925 2626 967 2659 Cb
994 2637 1130 2662 manus
1148 2630 1286 2666 altera)
1314 2630 1618 2660 manumittatin:
1651 2629 1679 2660 is
1701 2628 1742 2661 0³
1780 2626 1794 2670 ΙΙ

355 2675 395 2703 25
424 2672 484 2703 fit·
493 2673 606 2704 lberto
629 2673 653 2705 C
691 2671 704 2714 Η
745 2676 780 2703 34
813 2658 1092 2705 fideicommisso
1115 2674 1139 2705 C
1177 2673 1189 2716 Η
1230 2676 1268 2704 34
1298 2674 1496 2705 libertatem
1516 2673 1590 2706 fieri
1613 2674 1638 2706 C

1821 507 1839 536 5

1823 883 1862 911 to

1824 1167 1864 1196 45

1823 1452 1863 1480 20

1822 1737 1862 1765 25

1819 2021 1858 2050 30
