1942 3081
293 1901 315 1938 Ν)

348 133 440 166 Paul,
466 133 683 169 vste—30³
848 153 961 161 ——
1023 131 1101 171 134
1160 153 1273 160 —

347 258 562 307 conuictis,
589 259 622 297 si
647 257 901 296 honestiores
922 264 1033 305 sunt,
1061 258 1181 296 tertia
1203 269 1298 309 pars
1320 255 1522 295 bonorum
1544 256 1719 308 eripitur
1740 262 1782 295 et

346 316 388 353 in
420 315 596 354 insulam
627 314 884 367 relegantur:
921 315 1163 353 humiliores
1193 314 1233 353 in
1267 314 1478 352 metallum
1510 311 1778 352 damnantur.

345 371 534 411 Creditor
564 372 925 424 chirographarius
953 373 986 411 si
1009 373 1099 411 sine
1123 372 1239 410 iussu
1271 370 1475 421 praesidis
1497 382 1571 421 per
1592 371 1679 409 uim
1702 369 1780 408 de-

346 428 492 468 bitoris
514 429 577 468 sui
599 430 784 480 pignora,
811 441 904 469 cum
927 441 1008 468 non
1032 428 1204 468 haberet
1226 427 1426 479 obligata.
1454 427 1626 479 ceperit,
1652 427 1694 465 in
1716 426 1779 465 le-

345 498 435 537 gen]
468 486 610 525 Iuliam
642 486 694 525 de
725 487 768 525 ui
799 487 962 538 priuata
992 486 1224 525 committit.
1290 485 1485 524 fiduciam
1514 497 1612 523 uero
1643 490 1682 523 et
1714 483 1780 536 pi-

344 556 469 595 gnora
500 542 611 595 apud
639 556 682 582 se
719 542 906 595 deposita
936 543 1131 594 persequi
1165 549 1205 582 et
1237 544 1326 582 sine
1357 542 1599 581 auctoritate
1629 540 1780 580 iudicis

344 600 558 640 uindicare
581 613 661 639 non
683 599 942 650 prohibetur.

662 724 778 777 [xxvn
837 737 886 763 An
918 736 1041 762 LEGEM
1072 735 1204 762 1v1,1.m
1236 723 1462 775 PECVLATVS]

458 806 498 844 Si
523 806 617 856 quis
638 804 819 844 fiscalem
839 804 1059 855 pecuniam
1090 804 1373 843 attrectauerit
1394 802 1652 854 subripuerit
1687 815 1779 841 mu-

346 863 496 901 tauerit
517 875 590 901 seu
611 863 653 900 in
676 874 770 901 suos
791 874 892 901 usus
915 862 1188 911 conuenerit,
1224 861 1265 899 in
1288 859 1568 912 quadruplum
1591 861 1682 899 eius
1703 872 1778 911 pe-

345 920 490 958 cuniae
514 931 638 970 quam
661 919 829 958 sustulit
851 918 1163 958 condemnatur.

606 1043 737 1096 {xxvm
797 1056 846 1082 An
877 1055 1001 1082 LEGEM
1033 1055 1163 1082 1vL1Am
1196 1042 1511 1095 Rnrrrvxnfflvm]

458 1123 619 1163 Iudices
641 1123 818 1176 pedanei
842 1124 874 1162 si
898 1125 1075 1174 pecunia
1093 1125 1273 1175 corrupti
1297 1122 1504 1172 dicantur,
1529 1123 1778 1174 plerumque

344 1195 365 1220 a
389 1180 577 1232 praeside
610 1188 681 1220 aut
713 1182 824 1220 curia
847 1180 1149 1220 submouentur
1179 1188 1249 1219 aut
1280 1181 1321 1219 in
1352 1180 1524 1219 exilium
1554 1181 1779 1219 mittuntur

345 1246 412 1278 aut
435 1238 487 1278 ad
509 1245 673 1291 tempus
694 1238 945 1290 relegantur.

664 1362 763 1415 [xxix
820 1375 869 1402 An
902 1375 1023 1402 LEGEM
1053 1375 1185 1402 lvmffl
1217 1362 1451 1414 MAIESTAHS]

458 1445 563 1494 Lege
594 1443 697 1482 Iulia
727 1444 955 1482 maiestatis
987 1449 1156 1482 tenetur
1178 1442 1236 1493 is⁷
1270 1443 1388 1482 cuius
1410 1455 1485 1494 ope
1508 1442 1679 1481 consilio
1701 1440 1777 1481 ad-

345 1513 491 1540 uersus
524 1502 813 1551 imperatorem
835 1500 904 1539 uel
925 1512 1011 1539 rem
1040 1499 1250 1552 publicam
1273 1512 1384 1539 arma
1406 1506 1514 1539 mota
1535 1506 1634 1539 sunt
1655 1511 1777 1538 exer-

343 1559 503 1597 citusue
526 1558 615 1596 eius
647 1558 687 1596 in
710 1556 884 1596 insidias
916 1556 1121 1597 deductus
1143 1564 1226 1606 est,
1263 1558 1389 1609 quiue
1413 1557 1576 1596 iniussu
1598 1556 1777 1608 impera-

343 1616 441 1654 toris
473 1614 631 1654 bellum
661 1615 835 1666 gesserit
864 1613 1121 1654 dilectumue
1153 1614 1366 1663 habuerit,
1402 1615 1631 1654 exercitum
1663 1625 1776 1652 com-

341 1673 554 1724 parauerit
583 1672 892 1719 sollicitauerit‚
933 1671 1164 1711 deseruerit
1195 1672 1500 1723 imperatorem.
1565 1671 1627 1710 his
1655 1676 1776 1718 antea

343 1731 382 1768 in
406 1736 654 1781 perpetuum
678 1741 785 1780 aqua
817 1735 856 1767 et
878 1730 965 1780 igni
996 1728 1344 1768 interdicebatur:
1378 1741 1493 1768 nune
1515 1740 1615 1768 uero
1637 1728 1778 1767 humi—

343 1787 462 1825 liores
480 1785 625 1824 bestiis
646 1785 884 1825 obiciuntur
904 1786 974 1824 uel
990 1786 1076 1825 uiui
1095 1793 1340 1835 exuruntur,
1367 1786 1625 1825 honestiores
1642 1785 1776 1835 capite

342 1845 586 1894 puniuntur.
653 1842 763 1894 quod
794 1843 951 1882 crimen
984 1855 1066 1881 non
1107 1843 1240 1881 solum
1274 1842 1404 1894 facto,
1448 1842 1522 1882 sed
1555 1848 1595 1881 et
1632 1841 1776 1881 uerbis

342 1901 481 1952 impiis
510 1912 556 1939 ac
587 1899 819 1938 maledictis
850 1901 1027 1939 maxime
1059 1899 1344 1939 exacerbatur.
1417 1901 1461 1938 In
1490 1912 1606 1938 reum
1646 1899 1776 1938 maie-

342 1959 458 1997 statis
492 1957 645 2008 inquiri
675 1957 792 2009 prius
823 1957 1039 2007 conuenit,
1075 1956 1231 2008 quibus
1254 1956 1424 2008 opibus,
1461 1969 1543 2009 qua
1579 1955 1769 2004 factione,

342 2014 496 2066 quibus
518 2015 590 2053 hoc
612 2013 851 2053 auctoribus
874 2013 1040 2053 fecerit:
1073 2015 1178 2053 tanti
1208 2015 1320 2053 enim
1350 2014 1536 2053 criminis
1565 2025 1662 2052 reus
1691 2025 1774 2052 non

341 2071 514 2111 obtentu
555 2070 805 2110 adulationis
842 2071 1041 2121 alicuius,
1076 2071 1152 2111 sed
1182 2072 1315 2123 ipsius
1343 2071 1514 2111 admissi
1547 2082 1669 2110 causa
1697 2082 1777 2120 pu-

342 2128 521 2168 niendus
551 2135 633 2177 est,
668 2135 707 2167 et
730 2128 844 2179 ideo,
881 2141 974 2168 cum
997 2127 1049 2168 de
1072 2141 1118 2167 eo
1142 2129 1379 2180 quaeritur,
1414 2129 1527 2167 nulla
1549 2127 1732 2179 dignitas
1753 2138 1774 2166 a

343 2186 559 2225 tormentis
582 2186 799 2236 excipitur.

690 2310 795 2362 [xxxA
855 2321 904 2348 Αῐ)
936 2323 1058 2350 LEGEM
1089 2322 1219 2350 imm
1249 2310 1425 2363 Annlrvs]

455 2391 662 2430 Petiturus
683 2390 950 2441 magistratus
972 2391 1038 2430 uel
1069 2391 1309 2442 prouinciae
1331 2388 1605 2429 sacerdotium
1628 2390 1662 2428 si
1685 2395 1774 2428 tur-

342 2448 437 2487 bam
468 2448 754 2499 suffragiorum
786 2460 906 2486 causa
929 2447 1197 2495 conduxerit,
1235 2459 1377 2486 seruos
1408 2445 1675 2485 aduocauerit
1696 2446 1774 2485 ali-

432 2666 448 2694 3
478 2673 539 2705 per
557 2665 650 2696 dett..
672 2666 731 2695 aut
751 2664 786 2695 M
825 2663 838 2703 ΙΙ
879 2665 895 2694 9
924 2662 1139 2704 subripuerit
1158 2671 1222 2694 om.
1245 2663 1281 2693 „tl

1808 869 1844 898 to

1809 1246 1845 1274 15

1803 1621 1843 1650 20

1803 1906 1842 1936 25

1801 2192 1841 2220 30
