1942 3081
678 136 791 141 ..-
856 114 930 152 105
1295 115 1391 146 Paul.
1413 116 1469 154 lV,
1492 118 1544 147 44.
1568 117 1606 146 42

125 237 148 274 5
175 236 294 275 auiae
316 241 396 275 tam
428 243 624 288 paternae
646 249 769 288 quam
801 243 1010 276 maternae
1043 237 1172 276 frater
1194 244 1233 276 ct
1266 251 1394 277 soror.
1457 240 1607 286 Quinto

175 291 306 344 gradu
332 295 510 333 ueniunt
540 306 667 345 supra
696 293 866 344 quidem
896 300 1042 333 atauus
1072 296 1226 333 atauia:
1286 295 1391 333 infra
1422 296 1608 348 adnepos

173 348 387 400 adneptis:
434 363 486 390 ex
516 350 682 402 obliquo
715 350 854 389 fratris
884 356 924 389 et
953 351 1105 389 sororis
1136 364 1342 402 pronepos
1373 355 1602 404 proneptis,

175 405 311 445 fratris
334 408 535 458 patruelis
557 408 709 446 sororis
740 407 941 470 patruelis
961 408 1122 446 amitini
1150 408 1345 447 amitinae
1369 409 1604 448 consobrini

175 462 448 502 consobrinae
480 464 589 503 filius
621 463 726 514 filia,
763 465 934 515 pr'opeus
965 464 1131 503 sobrino
1153 464 1263 503 sobi
1254 477 1341 515 1111
1378 464 1419 504 id
1448 472 1510 504 est
1532 480 1606 517 [11-

160 521 257 569 trui
288 521 425 572 magni
454 521 605 559 amitae
635 533 807 573 magnae
838 522 1034 560 auunculi
1068 534 1119 559 m·
1111 523 1206 573 agni
1238 528 1437 560 11111101Ηὶο1
1440 535 1487 561 ae
1519 536 1607 562 ma—

175 589 279 628 gnae
302 577 408 616 filius
431 577 526 616 filia.
572 578 636 616 his
656 561 905 617 adcrescunt
926 584 1178 630 propatruus
1201 579 1416 630 proamita,
1445 579 1485 618 hi
1509 587 1608 619 sunt

174 634 320 684 proaui
345 635 511 686 paterni
542 633 669 674 fratei
699 641 739 674 et
770 648 905 674 soror:
948 636 1259 687 proauunculus
1288 642 1603 687 p1··01nate1te1a,

172 691 213 729 hi
236 696 335 730 sunt
362 692 557 743 proauiae
585 698 783 743 paternae
806 699 1102 744 maternaeque
1134 692 1263 732 frater
1293 699 1333 732 et
1366 705 1481 732 soror
1510 706 1607 745 pro-

122 749 146 786 6
171 748 325 799 auique
347 749 538 787 materni.
579 750 702 788 Sexto
725 749 855 801 gradu
876 751 1053 789 ueniunt
1074 762 1199 801 supra
1223 751 1400 789 tritauus
1421 751 1602 790 tritauia.

173 804 280 843 infra
310 805 497 856 trinepos
528 807 744 858 trineptis:
792 820 843 846 ex
874 806 1042 858 obliquo
1073 806 1209 846 fratris
1232 813 1273 846 et
1301 808 1454 846 sororis
1474 807 1607 847 abne-

171 874 244 913 pos
265 861 481 914 abneptis,
520 863 658 902 fratris
680 864 882 915 patruelis
899 864 1052 903 sororis
1073 865 1294 915 patruelis,
1320 865 1479 903 amitini
1502 866 1606 904 ami-

170 919 305 970 tinae,
342 919 574 958 consobrini
607 920 896 971 consobrinae,
935 923 1073 972 patrui
1095 923 1234 972 magni
1263 921 1412 960 amitae
1434 935 1605 974 magnae

170 976 365 1015 auunculi
395 977 531 1027 magni
568 983 814 1017 materterae
843 990 1015 1029 magnae
1045 991 1175 1029 nepos
1202 978 1364 1029 neptis,
1400 980 1606 1031 propioris

172 1032 339 1072 sobrino
372 1033 481 1072 filius
512 1034 618 1084 filia,
654 1035 726 1085 qui
763 1034 997 1073 consobrini
1028 1036 1306 1086 appellantur.
1371 1035 1526 1087 quibus
1555 1049 1606 1075 ex

171 1089 299 1129 latere
321 1089 570 1133 adcrescunt
589 1093 803 1142 propatrui
825 1093 1050 1143 proamitae
1080 1092 1351 1143 proauunculi
1375 1099 1606 1144 promater—

172 1152 284 1186 terae
315 1147 423 1186 filius
454 1147 558 1187 filia:
603 1147 829 1200 abpatruus
856 1148 1051 1199 abamita,
1087 1149 1129 1186 hi
1159 1155 1256 1188 sunt
1287 1148 1410 1188 abaui
1440 1151 1604 1201 paterni

173 1202 300 1242 frater
330 1210 370 1242 et
399 1216 536 1243 soror:
572 1204 862 1244 abauunculus
899 1205 1195 1254 abmatertera,
1230 1206 1273 1244 hi
1303 1212 1400 1245 sunt
1429 1206 1604 1246 abauiae

120 1260 145 1298 7
172 1267 370 1311 paternae
395 1267 692 1313 maternaeque
715 1261 841 1301 frater
864 1269 903 1301 et
919 1275 1033 1302 soror
1047 1262 1258 1314 abauique
1275 1266 1465 1303 materni.
1500 1264 1606 1316 Sep-

171 1318 269 1356 timo
292 1317 423 1369 gradu
445 1319 517 1369 qui
541 1326 637 1358 sunt
667 1320 827 1371 cognati
850 1326 960 1359 recta
982 1320 1092 1359 linea
1113 1332 1240 1371 supra
1262 1319 1481 1371 infraque,
1507 1334 1605 1372 pro-

170 1374 274 1425 priis
303 1375 544 1415 nominibus
580 1388 661 1414 non
692 1376 978 1427 appellantur:
1019 1376 1094 1416 sed
1131 1389 1183 1415 ex
1219 1383 1458 1416 transuersa
1496 1378 1603 1417 linea

169 1432 437 1471 continentur
460 1431 600 1472 fratris
623 1434 830 1472 sororz'sue
853 1433 1082 1485 adnepotes
1104 1433 1330 1485 adneptes,
1366 1435 1602 1474 consobrini

120 1490 144 1525 8
170 1488 242 1526 filii
267 1488 475 1540 filiaeque.
539 1490 821 1529 Successionis
844 1489 996 1529 idcirco
1029 1490 1184 1542 gradus
1207 1497 1368 1542 septem
1392 1493 1602 1531 constituti

169 1551 279 1595 sunt,
308 1546 405 1596 quia
427 1547 605 1586 ulterius
636 1560 711 1598 per
732 1559 873 1586 rerum
902 1554 1092 1586 naturam
1114 1561 1193 1588 nec
1222 1548 1388 1587 nomina
1417 1549 1602 1588 inueniri

169 1614 248 1640 nec
268 1602 353 1642 uita
375 1603 700 1643 succedentibus
721 1605 936 1656 prorogari
958 1610 1106 1656 potest.

607 1716 673 1769 [x11
729 1730 777 1756 DE
809 1718 1165 1771 MANVMISSIONIBVS]

120 1796 134 1833 4
282 1795 463 1835 Seruum
484 1809 744 1836 communem
766 1810 876 1836 unus
906 1810 958 1836 ex
979 1797 1156 1837 dominis
1178 1798 1508 1838 manumittendo
1530 1801 1606 1838 La-

168 1852 300 1891 tinum
334 1851 468 1892 facere
499 1866 582 1893 non
606 1860 743 1906 potest
774 1867 853 1893 1100
874 1856 1005 1906 magis
1034 1868 1156 1906 quam
1188 1856 1321 1894 ciuem
1345 1857 1597 1896 Romanum:

169 1909 288 1948 cuius
309 1910 440 1961 portio
463 1923 509 1950 eo
531 1924 642 1962 casu,
670 1923 765 1962 quo,
792 1912 827 1950 si
847 1913 1043 1963 proprius
1066 1918 1189 1962 esset,
1215 1912 1268 1952 ad
1290 1913 1501 1952 ciuitatem
1523 1914 1604 1952 Ro-

169 1978 330 2004 manam
353 1968 610 2019 perueniret,
636 1969 744 2007 socio
766 1968 982 2008 adcrescit.
1035 1970 1172 2008 Mutus
1195 1976 1235 2008 et
1255 1969 1408 2009 surdus
1430 1983 1601 2010 seruum

169 2022 355 2062 uindicta
389 2023 569 2063 liberare
607 2037 689 2064 non
726 2032 922 2077 possunt:
963 2027 1074 2065 inter
1108 2027 1260 2065 amicos
1289 2033 1429 2065 tamen
1459 2033 1499 2066 et
1527 2041 1602 2079 per

167 2080 388 2131 epistulam
409 2083 701 2121 manumittere
723 2095 805 2121 non
827 2082 1116 2134 prohibentur.
1150 2090 1196 2122 ut
1218 2083 1431 2139 autemad
1452 2084 1603 2123 iustam

116 1967 141 2005 10

169 2170 606 2179 Qamvvvxmdxvmwvv
611 2172 678 2179 ‘xz-p
703 2172 778 2179 sss
781 2172 825 2179 ν
826 2172 1103 2181 wsssrwwm
1116 2173 1292 2182 'vxssxsoemm

1533 2173 1600 2182 xxx-*xx

261 2207 296 2236 44
321 2218 362 2232 --
381 2206 454 2237 Lex
477 2205 745 2246 Wisi901h07·um
764 2207 794 2246 4,
817 2208 828 2236 4

259 2273 273 2278 t>
282 2272 319 2279 „J
330 2272 337 2277 κ
344 2272 407 2279 »xjv—

517 2272 579 2279 mx
587 2272 641 2279 2„
644 2272 685 2279 fan
694 2273 709 2278 ff,
728 2273 761 2279 J-
780 2272 855 2280 »fjx«
868 2273 1052 2281 =V<xrwt2=xvxaevx
1063 2274 1177 2281 „pst-fs
1190 2275 1197 2277 -
1208 2275 1219 2279 μ
1232 2275 1265 2282 »2«
1279 2276 1324 2282 «ffi-
1338 2275 1392 2282 'xv-
1404 2275 1413 2279 ἡ
1424 2275 1433 2280 fl
1451 2275 1455 2277 —
1467 2275 1545 2282 «ssu
1558 2276 1561 2277 ν
1583 2276 1588 2279 =

261 2321 278 2349 5
304 2319 472 2360 proprius
497 2318 666 2351 sobrinus
691 2320 819 2351 codices
844 2328 920 2351 cum
946 2320 1032 2361 Lege
1064 2320 1185 2361 Wisiq.
1251 2320 1265 2361 ΙΙ
1332 2324 1368 2352 44
1405 2322 1602 2362 proprioris

172 2364 319 2404 (proprii
345 2365 381 2404 L)
411 2364 548 2396 sobrini
574 2365 638 2396 ML
664 2374 739 2396 cum
764 2365 851 2405 Leye
883 2366 1004 2406 Wisiy.
1070 2365 1083 2406 ΙΙ
1149 2369 1188 2397 45
1216 2366 1436 2407 consobrini]
1464 2366 1600 2398 sobrini

173 2409 325 2447 Contius,
352 2410 395 2450 cf.
417 2410 495 2450 Εἰς).
517 2413 571 2449 38,
594 2413 647 2449 40,
670 2413 722 2448 40,
746 2413 783 2441 47
807 2412 869 2448 (ed.
891 2412 1077 2443 Mommsen
1091 2420 1127 2451 p.
1149 2415 1226 2451 359,
1248 2415 1278 2449 9)
1345 2411 1358 2451 ll
1423 2414 1461 2441 47
1489 2412 1601 2452 adpa—

168 2457 272 2486 truus
300 2455 484 2496 (apatruus
502 2456 567 2495 Ma,
595 2456 789 2497 adpatruos
807 2455 844 2495 L)
873 2456 1030 2488 adamita
1056 2459 1183 2489 codices
1208 2466 1284 2488 cum
1310 2458 1395 2497 Leye
1432 2457 1548 2497 It'isiq.
1588 2454 1600 2498 ΙΙ

170 2503 210 2531 22
237 2499 365 2532 fratres
390 2510 578 2533 sororesue
607 2501 707 2542 (-que
725 2501 760 2541 L)
792 2502 919 2533 codices
945 2511 1021 2534 cum
1046 2503 1132 2543 Leye
1158 2504 1277 2543 Wisiy.
1336 2502 1349 2542 ΙΙ
1405 2502 1600 2543 adnepotes

169 2545 341 2585 adneptes
360 2547 394 2578 M
411 2555 488 2578 cum
509 2547 592 2587 Leye
617 2547 753 2587 Wisiq..
777 2547 937 2588 adnepos
955 2548 1121 2589 adneptis
1139 2549 1163 2579 L
1204 2547 1217 2587 li
1258 2547 1393 2579 sobrini
1416 2546 1552 2579 Contius
1590 2545 1602 2589 ΙΙ

132 2619 136 2622 Α
170 2593 210 2621 23
238 2590 385 2631 idcirco]
405 2594 524 2624 autem
542 2593 680 2624 idcirco
698 2593 770 2624 Leoe
796 2593 916 2633 Wisiq.
960 2593 973 2634 ΙΙ
1013 2596 1054 2625 28
1082 2593 1159 2634 nec]
1183 2602 1252 2624 non
1270 2602 1338 2624 scr.
1388 2592 1401 2632 ΙΙ
1452 2595 1491 2623 30
1519 2602 1602 2634 per-

167 2637 308 2668 uenerit
326 2637 388 2668 ML
453 2640 456 2641 ’

1634 758 1672 786 40

1634 1043 1673 1071 45

1631 1326 1671 1355 20

1629 1612 1669 1640 25

1628 1978 1668 2005 30
