1966 3081
882 166 1250 202 *4-

352 290 543 329 mutilum
574 289 780 340 adhibuit,
815 291 934 329 cuius
966 289 1106 329 solium
1140 290 1321 341 primum
1356 302 1377 327 e
1412 296 1554 328 uetere
1586 301 1781 342 compage

352 347 530 386 solutum
562 347 603 385 in
636 348 780 398 pagina
814 354 924 386 recta
955 347 1054 385 haee
1086 346 1213 386 uerba
1246 347 1285 395 5,
1322 347 1345 384 Ξ
1374 345 1555 397 prohibet
1588 376 1597 384 .
1637 377 1644 384 .
1683 377 1691 385 .
1730 347 1778 385 ⁴3

349 405 484 455 prima
517 404 611 457 leye,
648 405 690 442 in
722 405 872 456 pagina
904 416 1025 443 uersa
1057 404 1156 442 haec
1188 404 1309 442 moris
1341 408 1433 441 sim!
1459 434 1466 441 .
1496 434 1504 441 .
1535 434 1541 441 .
1579 404 1783 443 inuetera—

352 466 416 500 tas
447 468 487 501 et
518 467 733 512 praeterea
766 462 874 500 tituli
907 461 953 499 (le
985 462 1141 500 Latinis
1184 459 1394 499 rubricam
1427 461 1678 512 initiumque
1710 473 1783 500 us—

353 530 433 569 que
465 518 516 557 ad
544 520 590 568 6,
626 518 648 556 3
692 519 899 570 confirmat
937 517 1311 569 complectebatur:
1358 516 1484 568 idque
1523 516 1664 557 folium
1705 518 1782 557 iste

354 578 520 615 inuerso
552 573 696 614 ordine
729 577 782 614 ita
815 575 1060 626 descripsit,
1103 581 1150 613 ut
1193 586 1356 613 uersam
1397 575 1587 625 paginam
1631 574 1785 614 faceret

354 639 521 671 rectam.
585 639 724 683 postea
766 633 897 671 titulis
939 633 1100 671 numeri
1142 630 1271 670 additi
1314 637 1431 680 sunt,
1478 638 1523 670 ut
1562 633 1706 671 titulus
1737 632 1784 671 de

355 689 505 728 libertis
538 689 697 740 primus
730 689 869 738 fieret,
907 694 946 728 et
975 696 1069 727 ante
1102 688 1225 727 huius
1256 688 1365 726 tituli
1400 687 1609 727 rubricam
1641 688 1694 728 ad
1725 691 1784 728 si-

355 745 633 786 militudinem
675 747 777 797 legis
809 747 1012 785 Romanae
1053 745 1268 784 titulorum
1306 744 1432 783 index
1463 746 1672 796 praefixus
1704 753 1780 796 est,

354 803 483 842 uerba
515 810 651 842 autem
683 815 812 842 *names
847 834 855 841 .
886 833 893 840 .
924 833 930 840 .
968 803 1237 850 macter-atus,
1283 802 1438 853 quippe
1481 814 1585 853 quae
1627 802 1679 842 ad
1717 805 1784 842 in-

354 861 621 911 scriptionem
654 860 867 911 Epitomae
898 860 1111 911 pertinere
1144 857 1407 907 uiderentur,
1445 859 1485 897 in
1519 859 1653 898 fronte
1684 873 1785 912 ope—

356 922 412 959 ris
452 925 610 958 retenta
651 923 761 956 sunt.
833 917 873 955 in
916 930 962 955 eo
999 922 1160 955 tantum
1201 929 1222 955 a
1260 915 1499 954 Mommseni
1549 918 1782 956 coniectura

356 976 526 1026 recedo,
570 975 681 1027 quod
721 975 753 1013 is
795 973 953 1013 hiatum
993 974 1063 1025 qui
1104 974 1213 1012 inter
1255 973 1295 1021 4,
1334 974 1356 1010 9
1399 979 1439 1011 et
1473 973 1520 1010 10
1566 974 1781 1013 intercedit

354 1035 571 1072 minimum
604 1045 694 1071 esse
726 1037 878 1082 putans
910 1030 959 1069 ad
988 1032 1164 1069 alterum
1188 1031 1400 1081 Epitomae
1424 1029 1565 1069 folium
1588 1032 1630 1069 in
1654 1031 1785 1070 fronte

354 1091 553 1130 detritum
586 1090 726 1138 trahit,
762 1089 863 1127 mihi
896 1087 980 1126 folii
1014 1088 1136 1139 primi
1170 1101 1266 1138 pars
1295 1087 1467 1125 inferior
1489 1088 1633 1127 mutila
1656 1087 1784 1128 fuisse

354 1147 542 1197 uidetur,
579 1153 623 1186 ut
654 1153 736 1184 tam
768 1146 877 1184 inter
916 1147 953 1193 i,
992 1147 1014 1181 9
1048 1152 1088 1184 et
1122 1145 1163 1189 -i,
1205 1145 1251 1182 siO
1287 1157 1408 1195 quam
1442 1151 1537 1183 ante
1570 1158 1611 1196 p.
1647 1145 1695 1195 5,
1734 1146 1782 1183 ⁴4

352 1205 469 1256 plura
503 1203 806 1243 interciderint.

468 1262 511 1299 ln
551 1259 715 1300 edendo
752 1259 912 1310 leiani
958 1259 1192 1307 regularum
1235 1258 1340 1296 libro
1382 1258 1570 1297 rubiicas
1615 1265 1786 1311 piopter

353 1317 559 1370 allegandi
593 1330 711 1357 usum
746 1317 919 1356 retinui
965 1289 1036 1353 sed
1080 1322 1120 1354 ut
1156 1323 1377 1367 ·1ppaieret
1408 1329 1428 1353 e
1433 1328 1477 1353 as
1507 1316 1671 1367 leiani
1702 1329 1785 1355 non

355 1388 469 1424 esse,
517 1376 680 1414 uncinis
711 1373 926 1425 quadratis
957 1373 1106 1423 saepsi.
1176 1371 1354 1411 indicem
1387 1373 1602 1412 titulorum
1635 1372 1786 1413 codicis

353 1433 552 1479 Vaticani,
588 1433 659 1482 qui
691 1430 792 1469 adeo
824 1443 915 1469 eum
944 1430 1155 1479 Epitomae
1190 1431 1320 1480 ipsius
1352 1429 1531 1469 rubricis
1563 1431 1781 1480 consentit,

356 1496 398 1527 ut
430 1502 524 1528 eum
556 1489 606 1527 ad
639 1488 870 1539 proximum
904 1487 1028 1525 huius
1059 1485 1213 1525 codicis
1238 1487 1490 1538 archetypon
1514 1488 1785 1538 compositum

354 1559 443 1585 esse
469 1546 695 1584 uerisimile
717 1545 781 1593 sit,
818 1556 899 1582 non
924 1543 1077 1594 recepi.
1133 1544 1174 1581 in
1198 1550 1436 1583 contextum
1458 1544 1694 1595 regularum
1718 1557 1787 1583 eos

354 1615 520 1654 quoque
553 1603 670 1651 locos,
709 1614 812 1652 quos
842 1600 894 1639 ab
917 1601 1104 1652 Epitonla
1135 1601 1306 1639 omissos
1339 1601 1506 1639 Collatio
1531 1601 1599 1640 uel
1621 1602 1786 1653 Digesta

354 1666 594 1703 seruarunt
639 1659 817 1697 stellulis
856 1658 1056 1709 adpositis
1089 1658 1264 1696 restitui.
1329 1658 1545 1709 Epitomen
1578 1657 1629 1697 ad
1662 1658 1785 1697 fidem

355 1716 579 1767 apographi
605 1717 831 1754 Biunniani
864 1714 917 1765 (p.
947 1715 954 1751 1
986 1721 1070 1752 not.
1092 1714 1129 1752 2¹1
1160 1714 1296 1753 edidi:
1325 1715 1542 1753 nonnullos
1565 1722 1703 1754 tamen
1727 1715 1787 1754 lo-

354 1785 422 1811 cos
443 1772 728 1811 disficilimes
719 1785 807 1823 ipse
825 1773 972 1810 Romae
991 1784 1027 1809 a
1047 1762 1181 1808 1868
1173 1784 1213 1809 in
1231 1771 1478 1810 bibliotheca
1498 1773 1529 1810 Υ
1533 1773 1690 1811 aticana
1712 1785 1788 1810 ex-

355 1830 551 1868 aminaui
607 1831 648 1867 in
680 1830 788 1867 notis
819 1829 955 1867 uarias
979 1827 1131 1865 codicis
1153 1828 1337 1866 Vaticani
1365 1829 1433 1880 (—
1458 1828 1504 1881 C)
1526 1829 1549 1880 ¹)
1588 1829 1787 1868 lectiones

355 1898 497 1925 omnes
527 1892 696 1937 praeter
726 1885 1062 1937 orthographicas
1094 1884 1291 1933 indicaui,
1330 1885 1540 1924 interdum
1573 1898 1625 1924 ne
1657 1887 1671 1924 2?
1701 1892 1787 1925 ete

355 1943 523 1993 quidem
556 1943 783 1982 litterarum
817 1942 1175 1981 cmumutationcm
1208 1944 1438 1993 praeterire
1472 1943 1597 1993 uolui,
1634 1942 1705 1982 ubi
1734 1942 1786 1982 de

354 2012 453 2039 uera
484 2000 658 2038 lectione
690 1999 873 2038 dubitari
906 2011 1024 2049 posse
1057 1998 1290 2038 uideretur.

446 2158 468 2197 ¹)
500 2160 536 2190 ln
562 2158 845 2190 correctionibus
872 2159 1009 2189 codicis
1031 2158 1074 2195 C,
1103 2159 1162 2190 uhi
1190 2159 1416 2199 1ieripotuit,
1445 2159 1636 2197 adnotaui,
1663 2161 1783 2191 utrum

356 2205 419 2244 ipsi
446 2203 591 2235 librario
617 2214 661 2235 an
687 2204 782 2235 altori
812 2205 929 2235 manui
958 2214 1047 2245 quac
1074 2204 1145 2235 fero
1172 2205 1331 2245 aequalis
1357 2207 1409 2236 est
1433 2204 1648 2236 debeantur:
1694 2213 1784 2237 non-

354 2249 448 2281 nulla
469 2259 487 2281 a
507 2259 611 2281 manu
632 2258 724 2281 saec.
746 2249 822 2280 XVI
842 2250 1019 2291 adscripta
1040 2259 1117 2281 esse
1135 2259 1200 2281 suo
1221 2250 1298 2281 loco
1318 2250 1621 2282 commemorabo.
