1966 3081
299 846 416 914 Iuris
429 874 753 914 Anteiustiniani
776 875 929 927 sylloga
953 888 1076 927 quam
1099 877 1165 915 hic
1182 883 1315 916 tomus
1332 877 1620 928 complectitur

186 933 418 971 continuari
435 932 547 971 uolui
562 930 808 971 Gaianarum
827 933 1133 972 Institutionum
1153 932 1378 972 editionem
1398 946 1503 972 anno
1521 947 1619 985 pro-

184 989 295 1027 ximo
331 1001 353 1028 a
385 988 589 1028 Guilelmo
620 988 883 1028 Studeniund
925 1003 1085 1028 mecum
1127 997 1331 1029 curatam:
1378 990 1619 1030 absoluetur

186 1052 323 1085 autem
354 1052 437 1084 tota
465 1045 648 1085 collectio
678 1045 879 1085 librorum
912 1047 1016 1085 iuris
1038 1045 1360 1086 Anteiustiniani
1394 1048 1516 1086 tertio
1547 1050 1616 1098 qui

186 1115 309 1154 quam
340 1104 527 1155 proxime
559 1102 646 1141 fieri
676 1103 829 1154 poterit
852 1102 1001 1142 edetur
1023 1110 1152 1153 tomo7
1189 1116 1270 1155 quo
1292 1105 1483 1143 Vaticana
1508 1104 1619 1155 frag-

187 1165 322 1199 menta
347 1167 386 1198 et
410 1159 578 1199 Collatio
602 1172 623 1198 a
641 1159 854 1198 Theodoro
871 1161 1095 1199 Mommsen
1119 1162 1338 1210 recensita⁷
1367 1162 1619 1200 Consultatio

185 1223 224 1256 et
248 1215 444 1255 Codicum
466 1216 710 1267 Gregoriani
742 1223 783 1255 et
805 1218 1124 1268 Hermogeniani
1158 1218 1358 1269 reliquiae
1385 1225 1424 1257 et
1446 1218 1620 1270 Appen-

185 1273 299 1313 dices
320 1274 439 1325 Legis
461 1274 665 1312 Romanae
687 1274 1012 1325 Wisigothorum
1043 1287 1063 1313 a
1087 1287 1151 1313 me
1177 1276 1411 1326 recognitae
1434 1276 1620 1314 contine—

185 1330 357 1370 buntur.

298 1388 356 1427 De
388 1386 629 1426 condicione
661 1387 986 1439 fragmentorum
1011 1401 1117 1439 quae
1141 1390 1216 1427 hoc
1238 1396 1344 1427 tomo
1367 1389 1620 1428 exhibentur

186 1457 278 1484 cum
302 1445 619 1496 exposuerimus
651 1445 693 1482 in
715 1443 1044 1495 praefationibus
1066 1446 1129 1484 uel
1155 1445 1491 1485 adnotationibus
1513 1459 1620 1497 quae

186 1502 360 1553 singulis
382 1502 635 1553 praemissae
658 1502 725 1540 uel
748 1501 934 1540 adnexae
959 1510 1075 1547 sunt,
1104 1503 1177 1541 hoc
1201 1503 1285 1541 loco
1307 1516 1437 1554 pauca
1460 1504 1500 1541 in
1524 1505 1621 1542 uni-

185 1571 353 1598 uersum
376 1557 682 1610 praemonenda
706 1565 816 1597 sunt.

300 1616 412 1655 Hanc
435 1615 719 1654 collectionem
741 1628 990 1667 quamquam
1014 1616 1246 1654 scholarum
1271 1617 1364 1655 usui
1387 1616 1620 1656 destinaui-

187 1685 299 1719 mus,
332 1679 471 1711 tamen
499 1672 622 1724 plena
644 1673 901 1723 supellectile
925 1673 1063 1711 critica
1088 1674 1363 1712 instruximus
1385 1686 1522 1725 neque
1546 1673 1621 1712 de—

186 1729 296 1768 lectu
327 1729 537 1768 uariarum
568 1729 792 1768 lectionum
823 1729 1005 1768 contenti
1031 1728 1185 1769 fuimus
1207 1731 1288 1768 nisi
1311 1732 1352 1769 in
1378 1730 1621 1782 fragmentis

187 1799 240 1824 ex
270 1786 360 1824 aliis
390 1785 510 1824 libris
539 1787 702 1837 petitis7
740 1798 916 1837 quorum
947 1786 1113 1825 criticae
1144 1786 1348 1826 editiones
1370 1788 1436 1827 uel
1461 1794 1616 1837 extant⁷

186 1843 303 1882 uelut
331 1843 592 1894 Digestorum
625 1843 958 1892 Iustinianorum7
993 1843 1061 1882 uel
1084 1845 1125 1882 in
1154 1844 1276 1882 tertio
1307 1851 1413 1883 tomo
1446 1844 1620 1883 exhibe-

185 1899 359 1939 buntur.
414 1906 599 1939 ceterum
628 1907 711 1938 tam
743 1913 795 1938 ex
823 1900 887 1938 his
919 1900 1231 1940 collectionibus
1261 1914 1385 1952 quam
1417 1915 1467 1940 ex
1498 1902 1621 1941 Iusti—

185 1958 308 1995 niana
331 1957 618 2008 compilatione
640 1964 835 2008 excerpta
857 1957 959 1995 iuris
981 1958 1139 2009 antiqui
1163 1959 1204 1996 in
1222 1958 1297 1996 hoc
1314 1958 1497 1998 secundo
1514 1965 1621 1997 tomo

185 2026 268 2052 non
297 2014 569 2065 repetiuimus
602 2014 681 2052 nisi
713 2013 766 2053 ad
797 2014 910 2053 Pauli
942 2016 1172 2054 sententias
1201 2022 1239 2054 et
1271 2015 1436 2067 leiani
1469 2015 1619 2055 librum

187 2071 426 2122 regularum
450 2070 815 2122 redintegrandos,
843 2078 889 2110 ut
909 2071 1104 2110 omnibus
1127 2072 1272 2111 horum
1293 2085 1487 2124 operum,
1515 2085 1621 2124 qua<=

187 2134 226 2166 et
255 2128 343 2178 ipsa
375 2128 547 2166 seorsim
577 2127 728 2166 tradita
766 2135 878 2177 sunt7
912 2128 1154 2179 fragmentis
1176 2131 1413 2181 compositis
1441 2130 1619 2181 genuina

186 2197 329 2224 eorum
351 2183 479 2223 forma
501 2185 639 2236 aliquo
664 2184 781 2224 modo
804 2192 1139 2236 recuperaretur.

301 2242 345 2280 In
376 2247 572 2280 contextu
595 2241 789 2280 editionis
812 2242 1021 2281 inclinatis
1045 2243 1193 2282 litteris
1218 2256 1265 2282 ea
1289 2256 1484 2295 expressa
1508 2250 1617 2291 sunt7

187 2299 228 2337 in
258 2297 413 2350 quibus
441 2298 510 2337 uel
540 2311 560 2337 a
591 2298 739 2337 tradita
770 2299 946 2338 lectione
979 2299 1261 2339 recedendum
1294 2306 1380 2339 erat
1412 2300 1479 2339 uel
1502 2300 1623 2338 lectio

186 2356 274 2407 ipsa
304 2361 474 2407 propter
504 2355 690 2394 mutilam
721 2362 937 2395 contextus
967 2356 1252 2395 condicionem
1277 2356 1502 2409 supplendi
1531 2355 1623 2394 offi-

187 2412 295 2451 cium
318 2412 565 2464 postulabat,
594 2411 637 2451 id
660 2419 719 2451 est
744 2413 784 2450 in
809 2414 868 2452 eis
890 2414 1116 2465 opusculis,
1143 2426 1249 2465 quae
1271 2427 1353 2453 uno
1375 2413 1516 2452 codice
1539 2413 1622 2452 solo

187 2476 350 2508 seruata
373 2475 482 2508 sunt.
539 2476 665 2520 atque
696 2482 777 2521 quo
805 2468 966 2509 facilius
989 2471 1031 2509 in
1055 2471 1119 2509 his
1141 2471 1330 2510 lectionis
1351 2470 1533 2509 hiatibus
1555 2483 1623 2508 co-

187 2524 291 2565 dicis
314 2525 500 2565 condicio
523 2539 575 2565 ex
596 2527 685 2578 ipsa
709 2526 890 2566 editione
914 2535 1243 2578 cognosceretur,
1276 2528 1532 2578 singulorum
1556 2539 1624 2565 co—

188 2581 292 2622 dicis
313 2596 511 2622 uersuum
534 2582 639 2622 fines
661 2583 768 2622 linea
793 2581 822 2633 l,
855 2585 1099 2635 paginarum
1134 2585 1234 2623 fines
1267 2584 1388 2623 lineis
1409 2581 1420 2637 Π
1447 2596 1527 2621 non
1555 2596 1623 2622 se—

189 2651 260 2678 cus
288 2646 412 2691 atque
446 2640 487 2679 in
510 2640 583 2679 Gai
615 2640 794 2679 editione
828 2640 1128 2689 iudicauimus,
1164 2648 1202 2680 et
1235 2640 1306 2680 ubi
1337 2641 1493 2679 hiatum
1525 2641 1622 2679 satis
