1942 3081
317 103 546 143 Pau1.1v,8.
568 105 585 134 9
821 127 935 132 -—
997 104 1075 143 102
1133 126 1247 132 -.

317 229 432 268 ciuili
448 229 681 268 Voconiana
703 229 861 268 ratione
880 228 1051 268 uidetur
1065 230 1270 269 effectum.
1306 236 1492 268 ceterum
1510 228 1579 267 lex
1594 228 1757 268 duode-

184 286 400 337 2l23lcim
421 285 660 326 tabularum
683 286 796 325 nulla
827 285 1077 326 discretione
1100 299 1225 326 sexus
1247 292 1440 338 cognatos
1462 285 1659 325 admittit.
1709 286 1754 324 In

301 335 551 383 ‘hereditate
572 343 759 395 legitima
780 344 1031 383 successioni
1055 344 1168 383 locus
1198 356 1280 382 non
1304 350 1378 382 est.
1445 350 1485 382 et
1512 342 1605 382 ideo
1628 341 1754 381 fratre

317 399 572 450 decedente,
598 407 822 452 antequam
845 400 968 440 adeat
989 408 1057 440 aut
1081 401 1276 453 repudiet
1299 399 1589 450 hereditatem,
1615 398 1757 438 fratris

318 457 428 497 filius
459 457 620 497 admitti
653 470 735 496 non
764 464 922 509 potest,
964 458 1061 509 quia
1093 459 1242 498 omissa
1273 458 1477 497 successio
1515 456 1755 507 proximiori

182 513 520 567 222421desertur.
582 514 646 554 Ab
675 514 863 554 hostibus
885 522 1031 566 captus
1052 527 1190 566 neque
1219 516 1283 554 sui
1306 527 1445 566 neque
1478 514 1651 566 legitimi
1683 513 1759 552 he-

318 571 432 612 redis
461 573 525 611 ius
556 572 708 611 amittit
745 572 998 623 postliminio
1029 585 1242 611 reuersus.
1316 572 1426 623 quod
1457 578 1497 610 et
1526 572 1635 610 circa
1670 582 1753 621 eos,

319 630 390 681 qui
414 629 455 667 in
480 629 658 668 insulam
681 628 960 680 deportantur
977 630 1044 667 uel
1063 630 1174 668 serui
1195 642 1354 680 poenae
1373 630 1507 668 effecti
1530 634 1640 678 sunt,
1666 627 1759 679 pla—

318 687 401 725 cuit
430 685 668 735 obseruari,
706 685 739 724 si
772 698 847 737 per
877 687 1014 725 omnia
1044 686 1085 724 in
1109 687 1316 737 integrum
1347 685 1609 737 indulgentia
1636 686 1759 737 prin-

186 743 231 781 23
247 743 441 794 “25³cipali
471 743 760 781 restituantur.
825 743 900 781 Pro
934 742 1089 782 herede
1111 755 1260 793 gerere
1291 750 1353 782 est
1383 742 1662 782 destinatione
1684 741 1757 781 fu-

319 801 401 839 turi
423 800 598 839 dominii
629 798 791 851 aliquid
813 812 865 838 ex
887 799 1153 839 hereditariis
1182 799 1310 840 rebus
1330 812 1558 851 usurpare:
1594 806 1634 839 et
1663 798 1758 838 ideo

318 870 393 909 pro
414 855 571 896 herede
589 869 737 908 gerere
758 856 942 906 uidetur,
970 857 1042 908 qui
1060 856 1285 896 fundorum
1302 856 1650 896 hereditariorum
1669 857 1759 895 cul—

322 922 436 953 turas
460 915 728 965 rationesque
751 913 949 965 disponit,
977 921 1017 953 et
1039 915 1111 965 qui
1133 915 1266 954 seruis
1286 914 1566 964 hereditariis,
1592 914 1759 953 iumen-

184 971 372 1021 2426sstis
402 970 584 1010 rebusue
614 971 705 1010 aliis
742 971 888 1010 utitur.
953 971 1015 1010 Ex
1045 970 1241 1023 pluribus
1278 970 1508 1011 heredibus
1538 970 1758 1022 isdemque

271 1565 292 1602 Ν)

318 1029 517 1080 legitimis
557 1028 590 1067 si
622 1029 694 1080 qui
726 1029 941 1067 omiserint
976 1028 1252 1068 hereditatem
1284 1029 1353 1068 uel
1383 1030 1424 1067 in
1455 1027 1649 1068 adeundo
1680 1027 1758 1067 ali-

319 1098 402 1137 qua
424 1086 583 1124 ratione
606 1084 764 1124 fuerint
787 1085 1000 1137 impediti,
1030 1086 1093 1125 his
1115 1086 1187 1137 qui
1211 1086 1405 1125 adierunt
1426 1086 1495 1125 uel
1517 1098 1660 1124 eorum
1681 1084 1758 1123 he—

320 1142 494 1182 redibus
525 1143 802 1182 omittentium
832 1143 1045 1194 portiones
1065 1142 1330 1182 adcrescunt.
1395 1142 1506 1194 quod
1538 1143 1580 1181 in
1602 1140 1758 1181 herede

319 1201 507 1240 instituto
533 1199 657 1252 [eum]
680 1200 752 1251 qui
770 1207 987 1251 acceperat
1004 1199 1276 1239 substitutum
1295 1201 1466 1239 euenire
1483 1212 1564 1239 non
1582 1199 1758 1251 poterit:

319 1257 489 1297 diuersa
512 1258 622 1296 enim
646 1270 770 1297 causa
792 1264 853 1296 est
876 1258 1021 1309 scripti
1043 1264 1084 1297 et
1104 1258 1295 1309 legitimi.

566 1370 617 1424 [lx
674 1384 724 1410 AD
756 1384 921 1411 SENATVS
951 1384 1176 1411 CONSVLTVM
1207 1371 1511 1424 TERTVLLIANVM]

433 1452 582 1490 Matres
612 1457 697 1490 tam
728 1451 935 1502 ingenuae
976 1463 1101 1502 quam
1130 1450 1352 1490 libertinae
1389 1452 1504 1490 ciues
1532 1451 1754 1500 Romanae,

320 1516 364 1548 ut
387 1508 450 1548 ius
482 1507 710 1547 liberorum
733 1515 978 1547 consecutae
1008 1507 1258 1558 uideantur,
1292 1515 1357 1547 ter
1388 1514 1428 1547 et
1453 1514 1604 1560 quater
1628 1519 1761 1559 pepe-

320 1568 424 1605 risse
445 1564 613 1612 sufficit,
640 1564 862 1604 dummodo
884 1565 1005 1604 uiuos
1027 1572 1068 1604 et
1083 1565 1198 1616 pleni
1215 1566 1414 1617 temporis
1431 1565 1609 1617 pariant.
1645 1564 1759 1610 Quae

321 1623 448 1662 semel
477 1635 559 1662 uno
589 1629 711 1675 partu
735 1628 816 1662 tres
848 1622 952 1661 filios
974 1621 1127 1673 edidit,
1162 1623 1225 1662 ius
1247 1621 1474 1662 liberorum
1506 1634 1589 1661 non
1612 1633 1759 1660 conse-

322 1681 490 1732 quitur:
526 1693 609 1719 non
640 1680 749 1719 enim
782 1686 847 1718 ter
876 1680 1114 1731 peperisse,
1151 1679 1224 1718 sed
1246 1680 1374 1719 semel
1405 1686 1570 1731 partum
1599 1677 1758 1718 fudisse

319 1737 512 1776 uidetur:
539 1738 620 1776 nisi
643 1736 746 1776 forte
768 1749 846 1788 per
867 1737 1087 1776 interualla
1111 1737 1258 1788 pariat.
1299 1737 1445 1776 Mulier
1465 1738 1499 1776 si
1522 1741 1759 1775 monstruo-

884 1839 888 1841 s
902 1839 909 1843 ›
924 1839 930 1843 ν
938 1838 1383 1846 Wawm-aemv-wwoeJ-Asxs
1390 1838 1440 1845 ssu
1447 1838 1550 1845 vmw

413 1897 445 1934 9,
466 1898 496 1926 3.
519 1897 533 1926 4
557 1908 597 1922 =
618 1895 696 1936 Diy.
720 1897 749 1934 t,
771 1898 802 1934 5,
827 1896 864 1925 44
890 1895 933 1934 (u.
955 1896 991 1935 i.)

324 1986 343 1993 ι»
348 1986 428 1993 slus«
438 1986 449 1993 s
454 1986 512 1993 *aaa
518 1986 710 1993 «αωΝν-,Λκω-
716 1986 725 1990 ν
730 1986 879 1993 ,natm-«scr,
884 1986 900 1992 *a
909 1986 916 1989 »
939 1985 1043 1993 Mn]
1056 1986 1294 1993 ›svamxe-xxr
1300 1991 1305 1993 ,
1311 1986 1324 1993 κ
1330 1986 1347 1993 >x
1352 1986 1366 1993 -,
1371 1986 1421 1992 «a»
1433 1986 1440 1989 ν
1445 1985 1526 1992 J-aew
1531 1990 1537 1991 a

1719 1984 1760 1991 »υ-

418 2045 427 2073 4
458 2043 612 2074 uoconia
630 2043 836 2074 narratione
854 2043 992 2080 codice-5,
1019 2043 1174 2074 uoconia
1194 2043 1369 2074 rationem
1393 2042 1509 2080 Cotm‘,
1538 2042 1757 2074 coniuratio-

323 2097 404 2120 nem
428 2088 540 2121 Coll.W
581 2088 594 2128 ΙΙ
637 2091 654 2119 2
681 2088 788 2129 nulla]
818 2089 894 2120 sine
911 2088 983 2120 ulla
1006 2087 1086 2120 Coll.
1130 2088 1144 2129 l}
1184 2088 1367 2130 cognatos]
1388 2091 1545 2127 eoepectes
1561 2089 1709 2128 agnatos
1748 2084 1762 2129 ΙΙ

324 2137 341 2166 5
369 2135 502 2166 omissa
519 2137 634 2166 tuetur
652 2134 903 2173 Interpretatio,
933 2135 1051 2166 omnis
1072 2133 1253 2166 Cuiacius:
1278 2134 1383 2174 fuerit
1406 2134 1553 2173 fortasse
1577 2134 1660 2174 quia
1685 2142 1757 2164 non

323 2181 392 2212 nisi
410 2180 620 2221 proximiori
639 2181 821 2212 successio
841 2179 1000 2211 defertur
1041 2179 1054 2219 11
1108 2182 1143 2211 18
1170 2189 1251 2211 eum
1271 2181 1335 2211 del.
1356 2180 1465 2210 Faber
1512 2178 1525 2219 ΙΙ
1574 2181 1615 2209 20
1640 2179 1761 2210 rubri-

323 2235 399 2257 cam
411 2228 488 2265 post
507 2224 521 2266 §
541 2228 557 2256 7
585 2226 749 2257 collocant
773 2227 913 2262 codices,
942 2226 1018 2257 huic
1043 2227 1113 2257 loco
1131 2228 1278 2257 restituit
1300 2226 1478 2258 Cuiacius:
1505 2225 1550 2256 de
1568 2225 1758 2256 intestato-

324 2280 403 2303 rum
429 2270 721 2303 successionibus
746 2270 790 2302 ad
816 2274 961 2303 senatus
987 2279 1087 2303 cons.
1114 2273 1193 2303 tert.
1222 2272 1295 2303 Lex
1320 2272 1412 2302 Rom.
1445 2271 1549 2311 Bury.
1578 2271 1633 2308 28,
1656 2272 1693 2301 3:
1723 2271 1761 2301 in

322 2318 514 2357 Appendice
533 2319 564 2356 4,
587 2318 617 2348 8.
642 2319 679 2347 47
708 2325 747 2348 ea
771 2325 857 2356 quae
882 2318 978 2348 titulo
997 2317 1028 2348 X
1045 2319 1259 2349 continentur
1274 2317 1335 2348 sub
1351 2317 1491 2348 rubrica
1508 2316 1551 2347 de
1569 2316 1761 2347 intestato-

323 2371 404 2394 rum
420 2362 680 2394 hereditatibus
698 2363 848 2394 citantur
902 2362 915 2402 l}
972 2365 1012 2393 23
1040 2361 1171 2394 sufficit
1187 2363 1226 2402 L,
1252 2361 1404 2394 sufficiet
1423 2362 1460 2393 M
1513 2361 1526 2401 11
1583 2362 1623 2391 24
1651 2360 1759 2393 simul

325 2409 434 2440 Faber
471 2408 485 2449 ll
526 2410 598 2440 tres
619 2408 789 2445 emacim,
809 2410 882 2439 tres
899 2408 956 2439 uel
975 2407 1066 2440 duos
1083 2409 1212 2440 codices
1250 2408 1264 2448 ll
1306 2410 1346 2438 26
1366 2424 1405 2430 -
1422 2415 1459 2446 p.
1482 2409 1558 2446 403,
1580 2409 1598 2438 5
1617 2404 1664 2448 ἐξ.
1685 2409 1718 2438 3.
1741 2407 1758 2437 4

322 2457 357 2486 in
376 2454 454 2495 Diy.
474 2455 523 2486 sic
539 2455 720 2495 leyuntur:
740 2462 810 2485 non
829 2455 911 2485 sunt
929 2453 1045 2493 liberi,
1064 2455 1124 2494 qui
1143 2456 1268 2486 contra
1285 2452 1436 2485 formam
1454 2452 1601 2484 humani
1618 2452 1763 2493 generis

324 2508 502 2532 conuerso
519 2508 618 2531 more
635 2501 890 2541 procreantur:
919 2499 1032 2530 ueluti
1058 2500 1087 2531 si
1113 2500 1243 2531 mulier
1266 2501 1511 2530 monstrosum
1536 2497 1673 2539 aliquid
1698 2499 1760 2529 aut

323 2545 567 2587 prodigiosum
586 2546 689 2577 enixa
708 2545 764 2576 sit.
807 2546 930 2585 partus
948 2547 1079 2583 autem,
1108 2546 1167 2586 qui
1186 2544 1431 2577 membrorum
1450 2543 1690 2575 humanorum
1709 2542 1759 2575 of-

324 2591 403 2623 ficia
422 2592 622 2632 ampliauit,
650 2591 877 2631 aliquatenus
903 2590 1047 2621 uidetur
1071 2590 1219 2622 effectus
1243 2592 1275 2622 et
1302 2589 1382 2621 ideo
1409 2591 1500 2621 inter
1517 2589 1651 2621 liberos
1669 2597 1759 2620 con-

325 2637 592 2669 numerabitur:
615 2636 657 2676 cf.
675 2636 787 2676 praef.
805 2644 839 2676 p.
859 2637 900 2667 42
941 2635 954 2675 11
996 2638 1037 2666 26
1055 2639 1286 2668 monstruoso
1304 2644 1336 2668 a.
1357 2644 1388 2667 a.
1409 2635 1613 2677 prodigioso
1631 2635 1763 2667 codices

1783 464 1805 493 5

1786 748 1829 777 40

1788 1034 1830 1063 15

1784 1376 1830 1405 20

1784 1683 1830 1713 25
