1942 3081
6 90 9 142 i

6 178 9 210 ι

7 224 10 446 i

7 451 11 484 ι

2 2912 9 2956 ..-

718 159 829 164 --
889 137 940 175 69
1001 160 1112 165 ---
1315 139 1626 175 l‘aul.ll‚l7—l9

123 261 172 298 46
198 261 316 299 *sih*
367 260 506 299 Eleoto
537 273 605 299 reo
627 261 846 311 principali
870 260 1089 299 fideiussor
1119 262 1184 300 uel
1209 262 1330 300 heres
1353 263 1443 301 eius
1474 263 1628 301 libera-

198 323 278 356 tur.
334 330 414 355 non
439 317 540 355 idem
564 318 604 355 in
627 316 941 355 mandatoribus
961 317 1224 356 obseruatur.

550 441 656 493 [xviii
716 453 762 479 1)ss
795 454 945 479 roomo
978 454 1025 479 ET
1056 442 1274 493 CONDcho]

140 521 164 571 ⁷4
312 522 437 560 Homo
454 519 575 568 liber,
602 521 672 571 qui
690 526 840 559 statum
863 533 983 559 suum
1004 521 1043 559 in
1063 527 1265 572 potestate
1290 520 1426 570 habet,
1454 529 1493 561 et
1512 524 1627 573 peio-

201 590 279 617 rem
304 591 398 617 eum
422 584 462 616 et
493 577 703 616 meliorem
727 576 862 616 faeere
894 584 1052 628 potest:
1087 585 1211 629 atque
1243 577 1335 617 ideo
1356 591 1503 630 operas
1533 592 1628 618 suas
1655 588 1668 613 5¹

148 635 171 672 2
198 634 372 673 diurnas
400 640 707 685 nocturnasque
738 634 856 673 locat.
920 634 1050 673 Fundi
1090 634 1310 674 deterioris
1342 635 1436 674 faeti
1469 643 1508 674 et
1540 637 1629 675 oul-

197 698 315 730 turae
347 704 428 730 non
467 693 717 731 exercitatae
757 697 797 730 et.
818 690 1102 730 aedificiorum
1125 704 1205 730 non
1238 691 1484 732 refectorum
1508 693 1627 744 eulpa

146 748 169 785 3
197 748 371 787 arbitrio
402 748 552 787 iudicis
574 747 740 787 domino
770 761 792 786 a
814 747 1062 788 conductore
1085 749 1230 788 sarciri
1262 755 1412 801 potest.
1465 750 1629 788 *Domi-

197 805 300 844 *nus
330 806 572 844 horreorum
605 806 786 844 effractis
816 811 856 844 et
887 806 1119 857 compilatis
1149 806 1307 845 horreis
1329 819 1409 845 non
1444 812 1624 857 tenetur,

195 862 300 901 *nisi
331 862 559 902 custodiam
592 875 734 901 eorum
766 863 946 913 recepit:
982 864 1095 901 serui
1125 869 1262 902 tamen
1295 864 1385 902 eins
1414 876 1505 902 oum
1548 876 1628 915 quo

194 919 474 958 *contractum
501 925 563 958 est
588 918 1057 970 propteraedifieiorum
1074 921 1260 958 notitiam
1285 920 1326 958 in
1344 922 1628 971 quaestionem

148 977 170 1014 [ι
195 977 307 1028 *peti
330 982 516 1028 possunt.
568 977 610 1014 In
636 975 838 1015 conducto
860 975 987 1015 fundo
1009 978 1042 1015 si
1065 976 1289 1015 conductor
1309 990 1383 1015 sua
1405 990 1529 1029 opera
1552 978 1630 1017 ali-

196 1033 323 1084 *quid
344 1034 577 1072 necessario
605 1033 673 1072 uel
694 1034 855 1071 utiliter
877 1034 1040 1072 auxerit
1070 1034 1138 1072 uel
1159 1033 1443 1073 aedificauerit
1473 1035 1539 1074 uel
1564 1036 1629 1073 in—

196 1091 426 1140 *stituerit‚
462 1103 554 1129 cum
586 1089 629 1128 id
659 1102 738 1128 non
771 1090 1058 1140 conuenisset,
1092 1090 1143 1129 ad
1173 1090 1414 1142 recipienda
1446 1104 1492 1130 ea
1521 1104 1628 1143 quae

197 1147 430 1199 *impendit
461 1160 512 1186 ex
542 1145 745 1186 conducto
776 1159 868 1185 oum
906 1146 1070 1185 domino
1103 1146 1222 1186 fundi
1259 1149 1441 1199 experiri
1473 1154 1622 1199 potest.

147 1203 171 1240 5
197 1205 301 1251 *Qui
337 1210 476 1242 contra
511 1204 646 1254 legem
682 1202 966 1242 conductionis
998 1203 1174 1242 fundum
1205 1211 1300 1243 ante
1336 1211 1503 1256 tempus
1538 1206 1627 1244 sine

196 1263 328 1300 *iusta
351 1274 397 1299 ae
418 1260 624 1312 probabili
647 1273 769 1299 eausa
786 1260 1035 1311 deseruerit,
1061 1261 1112 1300 ad
1134 1261 1354 1300 soluendas
1376 1262 1500 1301 totius
1522 1268 1629 1301 tem-

196 1320 332 1370 *poris
352 1319 573 1370 pensiones
591 1330 643 1355 ex
658 1317 860 1356 conducto
882 1319 1096 1357 conueniri
1119 1324 1268 1370 potest7
1293 1324 1500 1370 quatenus
1520 1320 1630 1358 loca-

198 1376 298 1413 *tori
322 1376 363 1413 in
386 1374 428 1414 id
450 1374 559 1426 quod
582 1375 672 1413 eius
695 1376 866 1413 interest
888 1374 1140 1414 indemnitas
1161 1376 1401 1414 seruetur.*

726 1498 802 1551 [xtx
861 1512 908 1538 DE
939 1501 1099 1550 varns]

151 1579 164 1616 4
312 1579 525 1631 Sponsalia
547 1586 629 1617 tam
652 1580 761 1617 inter
780 1578 962 1630 puberes
991 1591 1115 1630 quam
1138 1580 1246 1618 inter
1268 1579 1510 1631 impuberes
1531 1592 1628 1618 con—

147 1636 171 1674 «2
200 1636 303 1674 trahi
326 1643 515 1688 possunt.
568 1636 720 1674 Eorum
753 1637 825 1686 qui
848 1636 888 1673 in
918 1642 1121 1687 potestate
1152 1636 1283 1688 patris
1313 1643 1410 1675 sunt
1432 1637 1522 1675 sine
1552 1650 1628 1675 uo-

197 1693 354 1731 luntate.
377 1693 466 1731 eius
488 1693 749 1731 matrimonia
773 1693 864 1731 iure
881 1705 963 1731 non
980 1693 1299 1743 contrahuntur,
1324 1693 1398 1732 sed
1421 1699 1626 1731 contracta

197 1763 279 1788 non
302 1750 543 1788 soluuntur:
577 1750 866 1801 contemplatio
899 1751 1007 1788 enim
1039 1749 1231 1801 publicae
1261 1750 1453 1789 utilitatis
1483 1751 1628 1801 priua-

147 1806 168 1844 3
197 1813 331 1846 torum
363 1806 586 1845 commodis
615 1806 866 1859 praefertur.
916 1806 1051 1845 *Inter
1072 1813 1271 1858 parentes
1301 1813 1341 1846 et
1362 1807 1516 1846 liberos
1537 1808 1626 1846 iure

196 1864 333 1903 *ciuili
364 1864 623 1902 matrimonia
654 1863 836 1903 contrahi
867 1876 947 1902 non
978 1870 1170 1915 possunt:
1214 1876 1292 1902 neo
1321 1863 1445 1903 filiam
1478 1865 1629 1903 sororis

290 2013 344 2049 48,
366 2014 452 2042 3-5
471 2024 512 2038 =
532 2011 609 2051 Diy.
632 2013 685 2048 49,
707 2014 738 2047 2,
761 2014 800 2042 55
833 2011 846 2051 ῃ
882 2013 935 2049 49,
957 2014 1043 2042 3-5
1067 2010 1206 2043 Collatio
1226 2013 1257 2049 6,
1279 2014 1295 2042 3

289 2148 307 2176 2
327 2146 423 2178 idem
445 2146 614 2184 omacius,
634 2148 729 2178 enim
749 2148 876 2179 codices
908 2147 921 2187 ll
955 2150 972 2178 3
993 2147 1168 2188 Schultiny
1185 2149 1228 2179 ad
1245 2148 1333 2179 hunc
1349 2148 1484 2179 titulum
1499 2149 1630 2179 rettulit

198 2192 320 2233 Legem
345 2193 438 2224 Rom.
468 2193 644 2233 Buryund.
666 2195 726 2224 35:
753 2202 832 2224 arra
857 2202 920 2234 pro
946 2192 1237 2234 quibuscumque
1262 2193 1368 2224 rebus
1393 2203 1412 2224 a
1438 2193 1627 2224 uenditore

198 2240 344 2278 accepta
370 2237 414 2269 ab
441 2247 482 2269 eo
508 2239 568 2278 qui
594 2239 680 2269 emit
704 2238 949 2270 uenditionem
975 2238 1166 2280 perfectam
1193 2247 1282 2270 esse.
1329 2240 1482 2280 pretium
1508 2241 1625 2270 tamen

196 2283 426 2325 postmodum
446 2286 585 2324 emptor
608 2283 788 2315 uenditori
813 2285 1024 2325 impleturus
1054 2284 1223 2325 (emptore
1241 2284 1419 2315 uenditori
1438 2284 1627 2324 impleturo

197 2329 379 2368 Huschke),
408 2329 437 2360 si
461 2332 522 2360 aut
547 2330 638 2360 inter
663 2330 759 2369 ipsos
782 2331 993 2361 conuenerit
1008 2332 1068 2361 aut
1085 2331 1248 2361 uirorum
1267 2329 1443 2361 honorum
1461 2330 1628 2360 aestima-

197 2375 293 2406 tione
311 2375 522 2411 constiterit,
545 2374 743 2406 secundum
762 2376 918 2415 speciem
939 2375 1035 2406 Pauli
1076 2375 1090 2414 ll
1131 2377 1147 2405 4
1174 2377 1333 2416 peiorem
1352 2376 1445 2411 dett.‚
1466 2375 1627 2415 peiorare

199 2420 236 2456 L,
260 2421 444 2461 periurare
464 2421 501 2451 M
538 2420 551 2460 ΙΙ
591 2424 608 2451 5
636 2429 717 2451 eum
737 2421 782 2455 M,
811 2429 874 2451 om.
897 2421 921 2451 L
961 2420 974 2460 ΙΙ
1016 2424 1032 2451 6
1060 2420 1255 2452 deteriores
1274 2421 1311 2452 M
1347 2420 1360 2460 ΙΙ
1401 2422 1418 2450 7
1447 2420 1627 2451 exercitati

199 2466 237 2496 M
282 2465 296 2505 ll
343 2465 446 2506 culpa
463 2467 556 2503 dett„
585 2465 727 2506 eulpam
747 2466 808 2496 ML
856 2466 869 2505 ΙΙ
919 2469 958 2497 47
986 2466 1158 2498 soluenda
1179 2467 1204 2497 F
1247 2465 1260 2506 11
1309 2468 1350 2496 22
1377 2467 1458 2496 sunt
1481 2466 1557 2496 sine
1578 2465 1624 2501 M,

198 2519 262 2542 om.
291 2511 316 2542 L
371 2510 385 2551 11
447 2513 488 2542 23
516 2512 594 2543 eius
620 2512 666 2548 M,
694 2512 805 2552 patris
830 2512 855 2542 L
911 2511 924 2551 Η
981 2512 1057 2543 iure
1082 2521 1152 2543 non
1180 2512 1226 2549 M,
1255 2513 1331 2542 iure
1357 2508 1414 2548 Lb,
1441 2519 1505 2541 orn.
1534 2510 1577 2540 La
1615 2508 1628 2551 ΙΙ

199 2559 237 2586 24
259 2555 510 2597 contemplatio
532 2583 538 2588 .
560 2581 567 2588 .
590 2582 597 2588 .
619 2559 658 2587 25
678 2557 880 2588 commodis
896 2556 1095 2598 praefertur
1109 2557 1305 2591 sichardus,
1327 2555 1626 2596 contemplatione

200 2625 207 2632 .
231 2625 237 2632 .
261 2601 478 2678 ,Hcom1poda
496 2601 746 2643 praeferuntur
762 2603 890 2634 codices
939 2603 952 2643 ΙΙ
1005 2605 1047 2634 25
1075 2604 1149 2633 iure
1168 2602 1264 2632 ciuili
1284 2604 1362 2632 ante
1380 2603 1419 2630 26
1440 2609 1507 2632 neo
1524 2601 1629 2632 collo-

198 2650 252 2678 cat
300 2648 380 2677 usch
406 2656 422 2677 e

1658 872 1694 899 lO

1656 1156 1694 1184 45

1654 1814 1694 1843 25
