1966 3081
247 255 291 291 9¹

281 804 300 839 (ὑ

280 1486 302 1523 ϋῑ
285 1431 299 1467 ’a‘

281 1659 302 1692 (ἦ

327 128 541 168 x·1p.19.20
846 146 955 151 —-
1018 122 1070 161 22
1130 144 1242 150 --

326 253 444 291 cuius
476 252 517 290 in
540 250 660 289 bonis
683 257 759 289 cst.
807 250 864 291 ls,
891 261 1010 300 quem
1043 248 1148 287 bona
1179 247 1259 286 fide
1283 246 1566 299 possidemus,
1603 246 1691 284 siue
1714 246 1765 284 li-

327 309 401 348 ber
429 309 518 348 siue
540 308 701 347 alienus
731 319 880 346 seruus
897 307 970 355 sit,
1006 305 1125 345 nobis
1147 304 1329 356 adquirit
1354 316 1406 342 ex
1434 302 1599 342 duabus
1629 303 1765 342 causis

324 373 507 416 tantum,
543 365 584 404 id
608 371 667 404 est
691 363 801 416 quod
824 376 874 402 ex
898 376 941 401 re
963 369 1101 402 nostra
1135 369 1173 402 et
1197 361 1307 413 quod
1339 374 1389 399 ex
1412 360 1550 412 operis
1580 360 1667 398 suis
1688 358 1765 398 ad-

326 424 470 475 quirit.
505 429 621 462 extra
646 422 719 460 has
741 428 877 460 autem
909 433 1054 460 causas
1075 426 1143 458 aut
1167 419 1246 458 sibi
1264 418 1472 470 adquirit,
1509 418 1542 456 si
1566 415 1674 455 liber
1694 417 1759 464 sit⁷

326 488 393 520 aut
418 480 598 526 domino,
625 480 656 517 si
683 479 844 517 alienus
867 490 1014 517 seruus
1037 478 1104 516 sit.
1141 475 1284 515 eadem
1308 482 1401 515 sunt
1426 482 1462 514 et
1489 475 1529 513 in
1553 487 1599 513 eo
1621 485 1759 523 seruo,

328 539 365 576 in
391 550 472 590 quo
496 543 654 576 tantum
678 535 982 575 usumfructum
1008 533 1224 573 habemus.

812 673 870 712 ‚xx
930 671 977 697 na
1010 657 1282 710 TESTAMENTIS]

442 743 750 780 Testamentum
789 746 851 778 est
892 739 1043 777 mentis
1084 745 1248 776 nostrae
1282 739 1387 776 iusta
1419 738 1684 787 contestatio,
1723 736 1764 774 in

329 799 370 838 id
401 799 656 838 sollemniter
687 797 855 847 factum,
892 803 938 834 ut>
959 802 1051 847 post
1073 802 1246 834 mortem
1280 801 1461 833 nostram
1493 795 1642 833 ualeat.
1687 794 1767 832 Te-

328 862 627 895 stainentorum
660 866 813 904 genera
844 853 1015 892 fuerunt
1048 853 1149 902 tria,
1185 865 1340 901 unum,
1376 851 1486 903 quod
1526 851 1667 889 calatis
1699 863 1767 888 co-

328 914 468 962 mitiis,
505 913 702 961 alterum,
740 910 849 962 quod
880 911 921 949 in
955 910 1181 961 procinctu⁷
1221 909 1413 959 tertium7
1450 907 1559 960 quod
1590 920 1666 959 per
1697 919 1767 946 aes

326 977 360 1009 et
384 969 531 1009 libram
555 969 809 1021 appellatum
833 974 909 1007 est.
955 968 1018 1005 his
1040 965 1203 1006 duobus
1225 966 1486 1005 testamentis
1507 964 1671 1004 abolitis
1692 965 1768 1003 ho-

326 1027 393 1065 ‹lie
425 1027 556 1066 solum
580 1028 622 1065 in
654 1038 733 1065 usu
755 1032 829 1075 est,
867 1024 976 1076 quod
1000 1036 1076 1076 per
1097 1036 1169 1062 aes
1201 1030 1241 1062 et
1272 1022 1417 1062 libram
1451 1023 1508 1073 fit7
1545 1021 1588 1061 id
1610 1027 1672 1060 est
1691 1034 1769 1073 per

328 1085 675 1135 mancipationem
717 1083 1017 1134 imaginariam.
1083 1082 1121 1120 in
1161 1093 1242 1132 quo
1273 1086 1520 1119 testamento
1561 1078 1768 1130 libripens

327 1141 554 1181 adhibetur
592 1147 633 1180 et
665 1139 842 1178 familiae
875 1146 1037 1190 emptor
1069 1145 1106 1177 et
1140 1151 1220 1176 non
1253 1138 1391 1176 minus
1424 1149 1547 1188 quam
1581 1137 1768 1187 quinque

328 1205 468 1248 testes,
507 1211 601 1237 cum
633 1196 787 1248 quibus
824 1196 1062 1235 testamenti
1095 1195 1217 1234 factio
1250 1201 1328 1234 est.
1382 1195 1458 1241 Qui
1492 1195 1532 1232 in
1565 1199 1768 1245 potestate

327 1256 536 1294 testatoris
568 1261 629 1293 est
650 1261 721 1293 aut
750 1253 929 1292 familiae
962 1254 1174 1304 emptoris⁷
1209 1253 1327 1291 testis
1358 1257 1424 1290 aul
1455 1251 1664 1302 libripens
1694 1249 1771 1288 ad-

328 1312 466 1351 hiberi
497 1325 578 1350 non
600 1317 755 1363 potest,
793 1311 987 1362 quoniam
1022 1310 1199 1348 familiae
1232 1310 1480 1360 mancipatio
1505 1309 1614 1347 inter
1641 1314 1770 1346 testa-

330 1377 460 1408 torem
494 1375 534 1408 et
557 1369 737 1407 familiae
770 1374 991 1419 emptorem
1017 1368 1057 1405 tit
1092 1374 1129 1405 et
1153 1366 1204 1404 ob
1238 1366 1280 1404 id
1310 1366 1522 1405 domestici
1547 1371 1674 1403 testes
1695 1365 1771 1403 ad-

330 1425 501 1465 hibendi
535 1438 617 1464 non
650 1431 759 1464 sunt.
824 1425 923 1463 Filio
956 1424 1148 1463 familiam
1183 1430 1347 1463 emente
1378 1430 1498 1474 pater
1530 1423 1621 1461 eius
1653 1423 1769 1461 testis

330 1495 419 1522 esse
441 1496 523 1522 non
555 1488 704 1534 potest.
749 1483 810 1520 Ex
833 1480 997 1520 duobus
1020 1480 1235 1530 svau-ibus,
1272 1481 1342 1532 qui
1366 1481 1407 1519 in
1429 1479 1616 1519 eiusdem
1638 1480 1770 1531 patris

330 1546 532 1592 potestate
564 1546 681 1590 sunt,
717 1539 822 1577 alter
854 1538 1032 1577 familiae
1066 1544 1246 1589 emptor,
1283 1538 1388 1576 alter
1418 1537 1538 1576 testis
1569 1548 1658 1575 esse
1688 1549 1768 1575 non

329 1604 477 1649 potest‚
515 1597 710 1648 quoniam
734 1595 845 1647 quod
876 1608 986 1634 unus
1008 1608 1060 1634 ex
1082 1595 1146 1633 his
1178 1595 1383 1646 mancipio
1415 1595 1564 1646 accipit
1585 1593 1770 1645 adquirit

329 1655 453 1706 patri,
489 1655 553 1693 cui
578 1654 686 1692 filius
708 1666 810 1693 suus
840 1654 955 1692 testis
986 1665 1076 1691 esse
1108 1665 1190 1691 non
1225 1651 1366 1691 debet.
1422 1652 1540 1690 Pater
1572 1658 1609 1689 et
1642 1651 1765 1702 filius,

330 1712 401 1763 qui
436 1712 474 1749 in
498 1717 701 1762 potestate
733 1711 824 1749 eius
856 1717 932 1760 est,
969 1711 1065 1748 item
1099 1708 1181 1748 duo
1214 1708 1377 1759 fratres,
1414 1709 1484 1759 qui
1510 1709 1550 1747 in
1581 1708 1769 1748 eiusdem

332 1769 459 1820 patris
499 1774 701 1819 potestate
733 1774 850 1817 sunt,
888 1773 1018 1805 testes
1054 1767 1245 1817 utrique,
1282 1766 1349 1804 uel
1382 1766 1488 1804 alter
1518 1767 1635 1804 testis
1666 1766 1770 1805 alter

332 1824 534 1877 libripens
556 1824 643 1863 fieri
676 1831 851 1876 possunt
881 1824 958 1862 alio
991 1822 1184 1862 familiam
1218 1828 1400 1873 emente,
1438 1824 1633 1873 quoniam
1666 1823 1768 1862 nihil

331 1889 449 1921 nocet
481 1894 532 1920 ex
564 1894 645 1919 una
687 1881 805 1920 domo
836 1881 978 1932 plures
1015 1886 1142 1919 testes
1180 1880 1314 1918 alieno
1355 1880 1519 1931 negotio
1559 1879 1765 1919 adhiberi.

330 1941 466 1978 Mutus
496 1938 650 1978 surdus
682 1937 861 1977 furiosus
900 1938 1086 1989 pupillus
1118 1936 1268 1976 femina
1301 1949 1438 1988 neque
1470 1937 1649 1976 familiae
1682 1950 1771 1976 em-

331 2003 424 2048 ptor
445 2009 536 2035 esse
567 2007 703 2047 neque
728 1996 844 2034 testis
867 1995 1129 2046 libripensue.
1153 1994 1240 2033 fieri
1265 2001 1415 2045 potest.
1467 1995 1635 2034 Latinus
1657 1995 1772 2034 Iuni—

424 2203 477 2237 20,
501 2202 518 2230 6
538 2213 578 2227 =
599 2201 674 2241 Dig.
698 2203 753 2238 22,
776 2202 807 2239 5,
830 2202 867 2230 47
905 2200 989 2231 lust.
1011 2202 1043 2237 Ξ,
1067 2202 1118 2237 40,
1141 2203 1158 2230 8

422 2386 434 2413 4
467 2391 572 2424 quain
596 2382 620 2415 C
658 2382 669 2423 Η
710 2385 726 2412 3
754 2381 925 2423 operibus
947 2382 972 2413 C
1009 2380 1022 2423 Η
1062 2383 1077 2412 b
1107 2381 1186 2422 sihi]
1209 2382 1237 2413 si
1259 2380 1284 2413 C
1319 2381 1330 2421 ll
1371 2383 1388 2412 8
1417 2381 1627 2412 contestatio
1651 2380 1766 2419 Tilius,

330 2430 511 2460 contentio
534 2429 558 2461 C
588 2426 601 2470 Η
635 2431 673 2458 42
702 2426 747 2467 et]
778 2428 800 2458 it
823 2427 847 2458 s
876 2425 888 2468 ΙΙ
923 2430 960 2457 43
989 2427 1034 2465 etl
1057 2428 1079 2458 it
1103 2426 1127 2458 C
1157 2425 1170 2470 [1
1205 2428 1242 2457 44
1270 2426 1382 2458 librae
1401 2435 1509 2467 pensa
1528 2426 1680 2457 debetur
1701 2425 1726 2457 Γ
1758 2427 1769 2465 ζ)

335 2477 370 2505 47
398 2474 470 2515 aut]
499 2474 541 2506 ad
566 2474 590 2505 C
627 2472 640 2516 ΙΙ
678 2472 847 2505 adhibere
871 2473 911 2505 Ca
958 2470 970 2515 ΙΙ
1018 2475 1058 2503 49
1084 2474 1217 2514 emptio
1240 2472 1264 2504 C
1318 2473 1321 2480 ’
1368 2474 1409 2503 20
1436 2471 1607 2503 familiam
1626 2474 1767 2503 emente

331 2520 519 2561 Schultinq,
540 2519 691 2551 familiae
709 2520 827 2550 mente
851 2518 886 2555 C,
915 2517 1068 2549 familiae
1086 2517 1256 2550 familiam
1275 2520 1415 2550 emente
1434 2517 1531 2558 Huqo
1576 2515 1589 2559 Η
1637 2519 1672 2548 24
1704 2525 1767 2549 eo-

329 2566 410 2597 dem
433 2565 458 2597 C
503 2564 516 2608 ss
564 2568 604 2597 23
631 2565 851 2605 mancipium
870 2564 1009 2605 accepit
1030 2563 1054 2595 C
1096 2562 1108 2605 ΙΙ
1151 2566 1190 2595 24
1219 2567 1252 2595 et
1271 2563 1364 2594 filius
1384 2563 1477 2603 Di9.,
1498 2566 1530 2594 et
1553 2562 1588 2600 C,
1611 2571 1677 2594 nec
1695 2571 1766 2595 non

331 2612 358 2642 is
378 2611 458 2644 Inst.
509 2609 522 2652 ΙΙ
570 2613 610 2642 25
638 2611 721 2642 item
741 2610 937 2650 Di9.1nst.,
967 2610 1148 2641 institutus
1169 2610 1194 2641 C
1231 2607 1243 2651 ΙΙ
1282 2608 1440 2640 eiusdem
1463 2608 1540 2648 Diy.
1565 2608 1661 2647 lust„
1689 2609 1766 2640 eius

334 2656 358 2687 C
395 2654 407 2696 ΙΙ
448 2659 486 2686 27
515 2656 670 2688 familiae
689 2658 807 2687 mente
830 2654 855 2686 (7
891 2653 904 2697 ΙΙ
943 2655 1113 2695 quoniam
1136 2654 1160 2686 C
1179 2656 1270 2695 Diy„
1291 2655 1373 2695 quia
1394 2654 1474 2685 Insl.

1795 862 1835 890 40

1796 1147 1836 1175 45

1796 1432 1836 1461 20

1797 1717 1837 1747 25

1797 2003 1837 2032 30
