1942 3081
281 102 360 142 le.
382 102 464 133 inst.
788 123 901 129 —-
964 103 1040 141 153
1102 125 1212 130 -—

341 229 465 274 nibus,
503 240 602 275 quae
635 230 800 275 uulgaris
832 230 1005 266 codicum
1028 232 1282 276 antiquiorum
1306 231 1426 266 forma
1450 237 1519 267 est.
1557 242 1665 267 com-

340 288 504 332 positum
528 287 640 323 fuisse
663 289 825 323 sumitur
847 292 881 323 et
904 288 1014 323 simul
1038 289 1118 324 eius
1141 289 1193 323 rei
1217 289 1310 323 ratio
1335 287 1517 333 habetur,
1561 289 1661 334 quod

341 345 601 389 quaternionis
622 345 768 389 signum
792 346 828 379 in
850 344 1083 391 marginibus
1105 345 1242 380 infimis
1265 346 1407 380 nullum
1430 350 1543 388 extat,
1573 346 1663 381 haec

342 402 418 437 duo
450 402 535 437 solia
567 402 654 438 olim
686 402 896 437 secundum
927 406 991 437 aut
1022 404 1176 438 tertium
1208 404 1467 448 quaternionis
1489 403 1663 439 soliorum

341 470 411 504 par
443 459 612 495 effecisse
645 464 679 494 et
712 461 809 495 inter
831 470 874 494 ea
895 464 957 494 aut
982 460 1026 493 IV
1049 464 1111 495 aut
1134 461 1164 494 II
1186 460 1270 495 folia
1296 461 1554 496 intercessisse
1576 462 1665 495 satis

343 515 592 562 probabiliter
613 517 812 552 conicitur.
861 521 1059 562 praeterea
1080 518 1247 561 singulas
1268 518 1421 564 paginas
1443 518 1521 553 fere
1544 518 1664 552 XXIV

342 574 390 609 ad
422 574 575 608 XXVIII
607 584 742 609 uersus
772 574 988 618 complexas
1020 585 1103 609 esse
1135 585 1181 609 ex
1211 573 1352 610 ambitu
1388 586 1570 610 uersuum
1601 577 1665 620 qui

342 636 467 666 extant
490 631 611 675 colligi
634 635 771 675 potest.

458 688 555 723 Haec
589 693 714 723 autem
737 688 943 732 fragmenta
967 688 1269 724 institutionibus
1291 689 1434 733 leiani
1455 688 1664 725 attribuunt

344 751 420 781 tam
450 746 534 791 Dig.
565 747 636 788 43,
666 748 714 781 26
733 772 741 788 ‚
774 748 817 788 l,
854 745 891 779 in
922 743 1063 790 quibus
1094 745 1244 780 initium
1276 745 1473 790 fragmenti
1506 747 1519 781 Ι
1553 746 1660 785 redit,

344 813 458 848 quam
481 804 612 848 quinta
635 801 878 837 membranae
901 803 1059 838 alicuius
1076 803 1209 838 lacinia
1228 803 1542 844 vindobonensis,
1569 814 1667 849 quae

344 860 552 904 marginem
582 860 820 904 superiorem
853 860 964 894 unius
998 859 1072 895 folii
1104 871 1190 895 cum
1216 860 1539 906 superscriptione
1562 862 1668 905 pagi-

345 939 479 963 narum
510 929 703 963 seruauit:
741 928 777 962 in
808 928 916 963 cuius
948 929 1080 973 pagina
1111 933 1213 963 recta
1235 928 1372 974 legitur
1393 929 1481 963 LIB·
1508 929 1521 963 1
1546 920 1595 973 ’·‚
1632 930 1668 964 in

344 996 480 1021 auersa
497 985 598 1020 VLP·
619 984 758 1020 INST·.
803 985 893 1020 illud
911 990 1037 1021 tamen
1054 986 1127 1021 dici
1145 987 1291 1031 nequit,
1314 990 1443 1021 utrum
1460 986 1520 1021 hic
1538 997 1667 1032 margo

345 1043 393 1078 ad
414 1043 638 1078 alterutrum
660 1053 793 1078 eorum
815 1042 1006 1086 foliorum,
1043 1054 1207 1088 quorum
1229 1047 1358 1089 partes
1378 1044 1578 1080 inferiores
1600 1055 1668 1079 ex-

345 1105 437 1145 tant,
473 1111 519 1135 an
551 1100 597 1135 ad
629 1100 729 1135 aliud
763 1100 890 1135 nescio
913 1100 1014 1145 quod
1039 1101 1209 1135 eiusdem
1231 1101 1372 1136 codicis
1394 1101 1525 1137 folium
1547 1103 1668 1146 perti-

346 1158 484 1193 nuerit.
538 1157 625 1193 inde
657 1157 781 1202 igitur,
819 1157 922 1202 quod
954 1159 991 1193 in
1022 1157 1091 1193 hac
1123 1159 1366 1204 inscriptione
1398 1157 1495 1193 liber
1525 1159 1669 1203 primus

345 1218 678 1258 commemoratur,
719 1214 821 1250 nullo
852 1215 964 1250 modo
997 1216 1186 1250 euincitur
1217 1215 1422 1260 fragmenta
1455 1216 1592 1251 III—V
1623 1216 1666 1251 ad

346 1273 512 1317 primum
542 1273 823 1307 Institutionum
854 1271 993 1307 librum
1025 1273 1268 1317 pertinuisse.
1325 1273 1430 1318 prius
1461 1278 1588 1308 autem
1610 1273 1670 1309 fo—

348 1330 437 1365 lium
459 1329 506 1364 ad
528 1328 667 1364 librum
689 1330 703 1364 Ι
726 1330 917 1374 pertinere
940 1340 960 1364 e
975 1329 1134 1374 Digestis
1156 1334 1272 1374 patet.
1310 1334 1433 1375 potest
1455 1341 1545 1365 sane
1568 1330 1662 1365 fieri.

350 1391 389 1422 ut
419 1387 517 1422 inter
547 1387 712 1432 primum
745 1391 781 1421 et
802 1386 1013 1421 secundum
1037 1387 1168 1422 folium
1190 1388 1300 1432 primi
1323 1388 1602 1423 Institutionum
1623 1388 1670 1423 li—

346 1444 407 1480 bri
428 1444 512 1479 finis
534 1448 571 1479 et
592 1444 739 1478 initium
760 1443 918 1478 secundi
940 1444 1210 1479 intercesserit.

462 1502 571 1536 Extat
601 1501 766 1546 denique
797 1506 902 1536 sexta
933 1501 1104 1536 eiusdem
1139 1501 1280 1537 codicis
1310 1502 1493 1537 schedula
1523 1506 1560 1537 et
1592 1503 1669 1547 ipsa

348 1570 395 1594 ex
425 1559 582 1594 alicuius
614 1559 690 1594 solii
721 1558 890 1603 margine
920 1560 1121 1603 superiore
1152 1564 1312 1603 resecta,
1354 1560 1390 1594 in
1422 1570 1497 1604 qua
1528 1569 1671 1604 paucae

348 1617 560 1661 primorum
590 1617 792 1661 utriusque
814 1616 972 1660 paginae
994 1627 1178 1651 uersuum
1199 1617 1346 1652 litterae
1368 1617 1666 1661 conspiciuntur.

349 1677 385 1709 et
408 1674 443 1708 in
466 1678 569 1709 recta
591 1673 747 1718 quidem
769 1673 902 1718 pagiua
924 1672 1016 1708 hae:
1057 1666 1069 1723 ΙΙ
1088 1685 1158 1709 sua
1174 1668 1455 1723 ——J
1478 1674 1516 1709 in
1537 1684 1671 1709 auersa

348 1731 442 1766 hae:
468 1723 480 1781 [Ι
725 1730 922 1774 *※d(?)em
948 1729 967 1779 ξ.

465 1787 699 1832 Scripturam
738 1787 878 1823 codicis
920 1787 981 1822 uel
1023 1788 1154 1832 quinto
1195 1788 1257 1823 uel
1297 1792 1404 1823 sexto
1445 1788 1598 1824 saeculo
1629 1799 1667 1833 p.

350 1844 439 1880 Chr.
466 1855 504 1879 n.
531 1843 728 1880 attribuas.
778 1844 983 1889 fragmenta
1006 1844 1191 1880 delineata
1213 1849 1249 1880 et
1271 1845 1453 1891 ampliore
1475 1856 1673 1881 commen-

350 1903 445 1937 tario
478 1901 659 1937 illustrata
690 1913 711 1937 a
742 1912 801 1937 me
832 1905 920 1937 sunt
951 1902 987 1936 in
1019 1901 1116 1938 llbro
1147 1903 1207 1937 cui
1240 1901 1457 1938 inscribitur
1489 1903 1673 1938 Kritisclle

350 1958 543 1995 Versuche
571 1955 705 2008 (Berlin
739 1955 853 2007 1870)
881 1969 919 2004 p.
954 1961 1027 1995 ¹40
1047 1969 1132 2004 sqq.

1009 2105 1019 2131 1

409 2172 645 2212 Precarium
670 2179 748 2221 est,
775 2171 887 2223 quod
909 2172 1108 2224 precibus
1129 2173 1288 2224 petenti
1312 2173 1516 2212 utendum
1539 2172 1734 2212 concedi-

293 2237 363 2269 tur
384 2236 468 2269 tam
491 2229 579 2279 diu,
615 2228 817 2281 quamdiu
850 2230 883 2268 is
915 2230 987 2281 qui
1012 2231 1217 2270 concessit-
1240 2230 1412 2282 patitur.
1467 2230 1580 2281 quod
1601 2242 1734 2282 genus

294 2287 556 2326 liberalitatis
580 2299 632 2325 ex
654 2287 744 2325 iure
769 2288 956 2338 gentium
980 2286 1212 2326 descendit.
1256 2294 1297 2326 et
1319 2287 1445 2326 distat
1466 2300 1489 2326 a
1511 2287 1732 2326 donatione

295 2357 367 2395 eo,
395 2343 507 2396 quod
531 2344 601 2396 qui
626 2343 750 2383 donat
773 2345 832 2383 sic
856 2343 946 2393 dat,
973 2357 1025 2384 ne
1049 2345 1241 2396 recipiat:
1271 2351 1311 2383 at
1333 2345 1405 2396 qui
1428 2345 1614 2396 precario
1636 2357 1734 2383 con-
1761 2352 1778 2381 5

295 2401 421 2451 cedit⁷
457 2402 516 2441 sic
539 2400 609 2440 dat
631 2401 749 2452 quasi
772 2408 871 2440 tunc.
899 2408 1162 2453 recepturus,
1198 2414 1292 2441 cum
1322 2401 1403 2441 sibi
1434 2401 1605 2441 libuerit
1635 2414 1735 2453 pre-

294 2461 456 2499 carium
478 2459 655 2498 soluere.
705 2464 747 2497 et
778 2464 841 2497 est
871 2459 1005 2497 simile
1037 2459 1313 2498 commodato:
1350 2471 1445 2498 nam
1467 2465 1505 2498 et
1529 2459 1601 2510 qui
1624 2472 1735 2497 eom-

413 2574 474 2580 „.sv
490 2572 622 2580 stammas-s
644 2572 713 2579 xpers*
722 2572 771 2578 *su
794 2572 920 2578 »fa-«swam»
932 2572 941 2575 Λ
959 2572 1035 2579 «κ»»»
1052 2573 1070 2579 ,μ
1108 2574 1144 2579 7-4
1162 2573 1197 2578 ff>
1210 2573 1216 2575 e
1232 2573 1235 2574 r
1250 2573 1258 2576 »-
1275 2573 1280 2575 —
1298 2574 1301 2575 ν
1341 2574 1344 2575 ⁷
1380 2574 1385 2576 -
1403 2573 1406 2575 Α
1424 2573 1427 2575 >
1480 2572 1486 2575 >
1528 2574 1560 2579 ⁷1.
1573 2572 1723 2576 ›››››››

389 2644 407 2672 2
425 2651 518 2681 -ρ,
544 2644 618 2678 459,
643 2644 653 2671 4
677 2650 783 2681 usque
801 2642 845 2672 ad
864 2641 927 2673 sed
944 2643 981 2672 ut
1002 2643 1031 2673 ei
1051 2643 1089 2673 ut
1107 2650 1123 2673 e
1144 2642 1219 2682 Di9.
1244 2642 1297 2678 43,
1317 2643 1373 2672 26.
1396 2644 1407 2671 4
1430 2643 1584 2681 suppleta
1601 2645 1680 2673 sunt
1918 2605 1924 2866 1

1919 2870 1924 2951 i

1921 3057 1926 3081 i
