1942 3081
343 102 655 141 Pau1.v‚2i-22
844 123 957 129 -—
1019 100 1096 140 128
1157 123 1270 129 -.

340 239 392 272 cx
413 226 567 278 quibus
588 227 715 265 animi
738 226 948 266 hominum
971 233 1237 276 moueantur,
1266 225 1524 265 honestiores
1547 225 1774 278 deportan—

289 284 312 322 3
341 291 422 334 tur,
450 284 688 324 humiliores
710 285 840 336 capite
862 285 1109 336 puniuntur.
1152 283 1231 330 Qui
1254 282 1305 321 de
1328 283 1457 321 salute
1480 283 1683 335 principis
1704 285 1773 323 uel

339 353 499 380 summa
522 343 582 381 rei
612 340 803 393 publicae
837 341 1148 380 mathematicos
1179 339 1355 379 hariolos
1384 339 1629 391 haruspices
1663 342 1773 380 uati-

338 399 543 438 cinatores
575 398 777 447 consulit,
817 410 910 437 cum
947 410 993 437 eo
1029 398 1100 449 qui
1125 396 1389 449 responderit
1415 397 1548 449 capite
1577 397 1766 448 punitur.

290 457 310 495 4
338 456 424 494 Non
451 463 611 495 tantum
648 455 904 494 diuinatione
937 455 1055 506 quis,
1091 454 1166 493 sed
1196 455 1285 506 ipsa
1315 454 1487 493 scientia
1517 453 1689 506 eiusque
1718 455 1770 493 li-

336 512 424 552 bris
446 513 596 552 melius
619 511 764 552 fecerit
786 511 1012 551 abstinere.
1076 510 1187 562 quod
1208 512 1242 550 si
1265 511 1376 550 serui
1398 510 1450 550 de
1473 511 1606 550 salute
1637 510 1772 550 domi-

337 582 484 609 norum
521 570 827 619 consuluerint,
874 581 1034 607 summo
1075 568 1301 620 suppliciO,
1336 567 1378 607 id
1416 574 1477 607 est
1514 580 1655 619 cruce,
1695 568 1772 608 ad-

337 627 554 666 ficiuntur:
582 627 755 665 consulti
779 632 919 664 autem
942 626 975 664 si
1000 637 1198 676 responsa
1220 624 1437 676 dederint,
1467 631 1537 664 aut
1558 626 1600 663 in
1624 626 1771 665 metal-

335 684 421 724 lum
445 683 696 722 damnantur
717 689 788 722 aut
811 683 852 721 in
877 682 1055 721 insulam
1081 682 1332 733 relegantur.

993 805 1104 859 [xxa]

290 890 299 927 l
446 886 513 926 *Si
536 887 630 939 quis
651 885 810 938 aliquid
833 899 884 925 ex
898 886 1063 925 metallo
1085 886 1287 938 principis
1307 886 1375 925 uel
1399 898 1450 925 ex
1472 893 1635 926 moneta
1656 899 1767 927 sacra

284 947 306 985 *2
331 944 518 984 *furatus
540 945 615 996 sit,
648 956 781 996 poena
803 944 959 982 metalli
983 950 1023 982 et
1045 943 1158 982 exilii
1192 944 1379 995 punitur.
1443 943 1696 996 Transfugae
1717 944 1769 984 ad

331 1002 494 1041 *hostes
510 1002 579 1041 uel
598 1001 866 1041 consiliorum
882 1007 1117 1040 nostrorum
1141 1001 1451 1040 renuntiatores
1467 1007 1537 1040 aut
1553 1001 1642 1041 uiui
1665 1014 1769 1041 exu-

329 1059 504 1099 *runtur
525 1065 595 1098 aut
617 1059 759 1098 furcae
781 1057 1141 1110 suspendunturf*

823 1184 913 1234 [xxn
971 1195 1020 1221 DE
1051 1181 1273 1234 SEDITIOSIS]

288 1266 296 1303 l
443 1263 642 1303 Auctores
674 1262 893 1302 seditionis
923 1269 964 1302 et
991 1263 1196 1302 tumultus
1226 1262 1296 1301 uel
1327 1262 1595 1301 concitatores
1623 1262 1765 1314 populi

329 1334 402 1373 pro
435 1321 634 1373 qualitate
666 1320 882 1371 dignitatis
913 1327 984 1359 aut
1013 1320 1055 1358 in
1089 1332 1256 1358 crucem
1286 1319 1490 1359 tolluntur
1518 1326 1590 1359 aut
1619 1318 1766 1370 bestiis

330 1378 570 1418 obiciuntur
592 1384 662 1417 aut
684 1378 725 1416 in
749 1377 926 1416 insulam
948 1376 1236 1428 deportantur.

277 1494 301 1533 2
442 1492 520 1538 Qui
544 1491 744 1530 terminos
766 1490 967 1530 effodiunt
987 1490 1055 1529 uel
1078 1496 1251 1529 exarant
1270 1488 1495 1528 arboresue
1522 1489 1765 1529 terminales

329 1556 542 1599 euertunt,
569 1549 603 1588 si
626 1547 798 1600 quidem
815 1547 858 1586 id
880 1549 990 1587 serui
1016 1560 1087 1586 sua
1111 1553 1257 1599 sponte
1275 1546 1464 1595 fecerint,
1490 1547 1532 1585 in
1551 1547 1765 1586 metallum

329 1606 601 1646 damnantur:
638 1605 881 1644 humiliores
903 1605 945 1643 in
968 1617 1071 1656 opus
1093 1603 1324 1656 publicum,
1350 1604 1610 1643 honestiores
1632 1604 1674 1643 in
1698 1604 1764 1643 in—

328 1664 460 1703 sulam
492 1663 641 1702 amissa
676 1663 799 1701 tertia
826 1668 944 1714 parte
980 1661 1184 1700 bonorum
1221 1661 1461 1713 relegantur
1494 1667 1564 1701 aut
1596 1661 1763 1700 exulare

277 1722 299 1760 3
329 1727 548 1772 coguntur.
595 1720 720 1758 Ciues
740 1719 927 1770 Romani,
954 1719 1026 1770 qui
1049 1731 1092 1758 se
1116 1718 1282 1757 Iudaico
1304 1719 1388 1757 ritu
1410 1718 1479 1757 uel
1501 1731 1646 1757 seruos
1667 1731 1762 1757 suos

329 1776 569 1817 circumcidi
601 1777 839 1829 patiuntur,
881 1776 1001 1814 bonis
1033 1775 1240 1827 ademptis
1271 1776 1313 1813 in
1352 1775 1529 1814 insulam
1558 1782 1762 1826 perpetuo

278 1837 299 1874 4
328 1835 586 1885 relegantur:
622 1833 772 1873 medici
805 1833 938 1884 capite
970 1832 1216 1884 puniuntur.
1279 1831 1419 1872 Iudaei
1450 1833 1483 1871 si
1506 1832 1665 1871 alienae
1686 1844 1762 1871 na—

327 1892 452 1931 tionis
474 1897 730 1943 comparatos
752 1902 896 1930 seruos
919 1888 1276 1940 circumciderint,
1301 1895 1373 1927 aut
1394 1888 1670 1941 deportantur
1691 1895 1762 1928 aut

969 2006 973 2009 ,
982 2006 995 2009 Η
1003 2004 1076 2011 NV*
1088 2006 1099 2011 v
1106 2003 1398 2011 vv»lvxr.m<xxr««»m1v
1406 2002 1536 2010 amtxffvv«
1547 2002 1683 2010 «κμΛΛι-χκ
1693 2003 1714 2011 ,x
1722 2003 1759 2012 Ἃ

419 2065 482 2093 :MA
502 2076 543 2089 =
562 2062 640 2102 Εἰς),
663 2063 725 2100 48,
747 2064 808 2099 19,
830 2063 942 2100 38pr.
963 2059 1011 2102 §l
1080 2060 1094 2101 11
1158 2063 1218 2098 22,
1241 2063 1251 2090 1
1276 2073 1316 2086 =
1336 2059 1413 2100 Diy.
1436 2061 1582 2098 48,19,
1604 2062 1666 2098 38,
1687 2063 1704 2092 2
1749 2059 1762 2104 ΙΙ

329 2111 382 2147 22,
402 2111 420 2139 2
440 2111 535 2140 emeat
551 2109 587 2139 in
609 2108 881 2139 Gromaticorum
898 2107 1064 2138 codicibus
1085 2107 1294 2146 (Lachmann
1312 2106 1329 2136 I
1340 2114 1375 2145 p.
1395 2106 1471 2146 270)

1572 2196 1596 2203 m

352 2199 428 2207 χωρ»
447 2198 451 2201 1
468 2200 486 2204 ψ,
506 2203 509 2204 ⁷
546 2198 592 2203 ,ιν-ι,
608 2198 638 2204 μμ
650 2200 656 2203 κ
674 2197 741 2204 ,νᾳ-α,
758 2195 1398 2205 νναψΝἈακΝ-,νυακκαννυννΝυψνΝ-κν

420 2271 431 2298 1
463 2267 695 2309 deportantur
712 2267 759 2303 M,
788 2266 893 2297 exilio
912 2266 994 2307 dep.
1014 2266 1039 2297 L
1102 2265 1116 2306 ll
1180 2268 1197 2296 5
1223 2274 1294 2297 non
1314 2289 1322 2297 .
1344 2289 1351 2297 .
1375 2289 1382 2296 .
1405 2267 1422 2296 6
1442 2264 1623 2297 abstinere
1647 2267 1760 2297 autin

321 2316 389 2355 fine
407 2312 422 2354 ᾧ
442 2315 458 2344 4
479 2316 539 2345 aut
557 2316 635 2344 ante
654 2310 668 2353 §
689 2315 704 2342 3
725 2312 921 2343 collocanda*
938 2315 1017 2343 sunt
1070 2311 1082 2351 {l
1136 2313 1152 2341 7
1182 2311 1279 2342 cruci
1298 2311 1426 2342 codices
1478 2310 1490 2350 ΙΙ
1544 2314 1560 2341 8
1589 2311 1756 2351 consulti]

325 2360 387 2391 scd
407 2368 505 2391 cons.
525 2359 653 2390 codices
693 2357 706 2397 11
748 2360 765 2387 9
792 2357 1006 2398 relegantur]
1026 2356 1263 2397 deportantur
1281 2357 1481 2388 Rue-hardus
1504 2362 1511 2375 ⁵
1531 2355 1544 2395 ΙΙ
1598 2358 1637 2386 10
1665 2356 1759 2388 Pau-

326 2407 379 2436 lus
396 2414 435 2437 ea
453 2413 539 2444 quae
563 2405 622 2435 hoc
647 2406 677 2435 et
702 2405 853 2442 sequenti
878 2404 973 2434 titulo
999 2404 1213 2434 continentur
1235 2402 1383 2442 fortasse
1406 2402 1545 2432 rubrica
1570 2401 1613 2433 de
1631 2403 1758 2442 poenis

330 2451 382 2491 (cf.
404 2451 449 2482 ad
464 2460 498 2482 u.
522 2449 573 2489 19)
595 2449 790 2488 complexus
807 2452 855 2479 est
902 2447 915 2488 ΙΙ
966 2451 1004 2478 16
1030 2448 1087 2479 uel
1107 2448 1344 2479 concitatores
1361 2446 1495 2488 populi]
1516 2447 1648 2488 populo
1669 2456 1758 2479 con-

326 2497 432 2528 citato
448 2496 525 2537 Diq.
561 2495 575 2536 ll
610 2497 648 2525 17
670 2493 829 2533 crucem]
850 2492 986 2525 furcam
1005 2494 1079 2534 Diy.
1115 2493 1128 2534 ΙΙ
1163 2496 1202 2524 19
1225 2493 1497 2525 Gromaticorum
1510 2493 1639 2523 codices
1651 2502 1758 2532 prae-

324 2544 462 2574 mittunt
476 2541 572 2573 Pauli
588 2541 845 2573 sententiarum
860 2538 952 2570 libro
967 2540 995 2570 V
1013 2539 1174 2571 titulo'de
1187 2540 1312 2580 poenis
1343 2537 1356 2578 ll
1389 2536 1536 2569 arbores
1553 2538 1610 2569 uel
1629 2539 1757 2570 codices

325 2597 400 2618 cum
422 2587 606 2619 Gromatic.
629 2585 790 2624 (arbores
808 2585 865 2616 uel
883 2585 1006 2616 finales
1028 2585 1143 2616 Grom.
1162 2584 1306 2624 Erfurt.)
1350 2583 1363 2624 ΙΙ
1403 2585 1444 2614 20
1466 2583 1500 2614 id
1519 2592 1582 2615 om.
1603 2583 1717 2616 Grom.
1744 2582 1758 2627 ΙΙ

326 2637 362 2664 21
394 2632 661 2664 damnabuntur
680 2632 794 2664 Grom.
837 2630 851 2671 ΙΙ
893 2632 931 2661 22
959 2633 1019 2661 aut
1036 2630 1178 2661 exulare
1202 2630 1260 2670 Q—ri
1279 2627 1372 2668 MLb)
1395 2637 1470 2669 cog.
1492 2637 1556 2660 om.
1581 2629 1694 2662 Grom.

1795 1192 1832 1222 15

1788 1556 1829 1585 20

1787 1841 1828 1870 25
