1942 3081
702 172 813 178 .-..-
880 151 952 190 133
1012 175 1124 179 —
1330 154 1423 184 Paul.
1447 155 1485 190 V,
1508 157 1560 186 25.
1584 157 1623 186 '26

198 285 328 324 penes
349 286 393 313 se
415 273 599 325 deposita
623 275 875 326 quicumque
904 276 1023 313 alteri
1048 277 1174 315 altero
1196 277 1368 316 absente
1394 279 1626 318 reddiderit

198 330 267 370 uel
299 330 538 370 aduersario
568 330 821 382 prodiderit,
857 344 931 382 pro
954 345 1155 382 personae
1179 335 1267 372 eius
1297 335 1533 374 condicione
1556 342 1625 375 aut

123 388 165 426 ⁴⁴
200 388 242 426 in
273 388 483 427 metallum
515 387 734 427 damnatur
764 395 834 427 aut
863 389 903 427 in
935 389 1110 427 insulam
1141 390 1363 441 relegatur.
1437 392 1513 437 Qui
1544 392 1622 431 sibi

200 444 347 484 falsum
383 457 533 484 nomen
564 445 826 495 imposuerit,
870 458 999 496 genus
1030 453 1280 497 parentesue
1318 448 1504 497 tinxerit,
1546 462 1625 500 quo

199 501 302 554 quid
318 502 499 541 alienum
518 501 786 553 interciperet
807 510 970 553 caperet
994 502 1235 554 possideret,
1264 516 1393 554 poena
1411 505 1512 555 legis
1529 506 1626 543 Cor·
1653 514 1666 538 ι’

122 558 172 597 ⁴2
198 559 333 598 neliae
366 558 417 597 de
456 557 568 597 falsis
599 565 824 598 coercetur.
896 560 974 606 Qui
1014 559 1247 611 insignibus
1279 561 1432 599 altioris
1471 561 1626 601 ordinis

197 622 372 656 utuntur
419 615 691 666 militiamque
738 617 999 668 confingunt,
1051 630 1132 668 quo
1171 630 1294 669 quem
1332 624 1514 657 terreantv
1558 620 1623 658 uel

197 672 453 722 concutiant,
490 672 729 712 humiliores
751 674 883 725 capite
905 674 1158 724 puniuntur,
1196 675 1449 714 honestiores
1471 675 1627 727 depor-

121 729 169 767 ⁴3
199 736 351 769 tantur.
416 729 459 768 Si
482 730 553 780 qui
576 729 629 768 de
652 729 801 769 iudicis
822 731 1014 769 amicitiis
1036 731 1102 770 uel
1125 730 1398 770 familiaritate
1421 734 1627 771 mentien-

197 793 259 826 tes
292 792 469 826 euentus
490 787 789 826 sententiarum
820 788 909 826 eius
938 787 1148 838 uendunt,
1177 788 1333 839 quidue
1356 788 1530 828 obtentu
1552 802 1627 828 no-

196 844 321 882 minis
343 844 433 883 eius
455 850 595 894 agunt,
623 845 799 883 conuicti
817 857 888 896 pro
911 844 1028 883 modo
1051 844 1191 884 delicti
1215 852 1283 885 aut
1302 846 1538 896 relegantur
1558 853 1625 885 aut

197 901 330 952 capite
351 900 595 952 puniuntur.

349 1026 450 1077 [xxvl
510 1038 558 1064 AD
590 1038 713 1064 LEGEM
746 1038 875 1064 IVLIAM
908 1038 954 1064 DE
976 1039 1013 1064 VI
1036 1038 1189 1065 PVBLICA
1222 1039 1266 1064 ET
1298 1028 1473 1077 PRIVATA]

150 1105 163 1142 ⁴
311 1106 415 1156 Lege
440 1105 541 1143 Iulia
569 1104 620 1143 de
643 1106 684 1143 ui
708 1104 873 1156 publica
906 1104 1139 1150 damnatur,
1177 1106 1249 1156 qui
1271 1106 1407 1157 aliqua
1428 1112 1628 1157 potestate

197 1161 413 1213 praeditus
433 1162 569 1200 ciuem
592 1162 819 1201 Romanum
841 1168 962 1201 antea
994 1161 1046 1201 ad
1068 1162 1288 1213 populum,
1315 1175 1427 1202 nunc
1449 1164 1628 1215 impera-

197 1226 327 1258 torem
356 1219 635 1270 appellantem
667 1219 882 1257 necauerit
911 1220 1105 1258 necariue
1128 1220 1317 1269 iusserit,
1346 1220 1509 1259 torserit
1530 1233 1627 1259 uer-

196 1275 406 1315 berauerit
438 1275 781 1314 condemnauerit
811 1277 909 1314 inue
940 1275 1108 1327 publica
1129 1276 1296 1315 uincula
1326 1275 1421 1316 duci
1444 1277 1623 1316 iusserit.

196 1334 316 1372 cuius
347 1333 406 1372 rei
436 1345 570 1384 poena
593 1333 634 1370 in
664 1332 904 1372 humiliores
934 1334 1081 1385 capitis
1112 1333 1153 1371 in
1185 1333 1440 1373 honestiores
1470 1335 1629 1373 insulae

147 1390 171 1428 2
197 1390 482 1442 deportatione
505 1395 731 1428 coercetur.
796 1390 878 1429 Hac
900 1390 989 1441 lege
1012 1390 1292 1441 excipiuntur,
1319 1392 1390 1442 qui
1413 1397 1541 1430 artem
1565 1391 1630 1429 lu—

197 1446 355 1486 dicram
377 1445 545 1497 faciunt,
574 1446 745 1486 iudicati
768 1447 892 1485 etiam
915 1452 954 1485 et
976 1447 1153 1486 confessi
1179 1452 1214 1486 et
1229 1448 1301 1498 qui
1319 1447 1410 1486 ideo
1427 1448 1470 1486 in
1488 1460 1629 1487 carce-

198 1517 284 1543 rem
302 1503 398 1543 duci
416 1503 627 1552 iubentur,
651 1503 762 1554 quod
775 1504 840 1542 ius
852 1503 1007 1542 dicenti
1021 1516 1103 1542 non
1113 1503 1492 1555 obtemperauerint
1504 1504 1628 1555 quid-

198 1573 250 1600 ue
261 1567 402 1600 contra
413 1560 672 1612 disciplinam
688 1559 896 1612 publicam
915 1560 1087 1600 fecerint
1103 1575 1109 1598 :
1132 1560 1289 1600 tribuni
1308 1562 1430 1600 etiam
1450 1562 1628 1600 militum

201 1624 239 1657 et
269 1616 470 1669 praefecti
501 1618 695 1656 classium
717 1617 951 1667 alarumue,
986 1623 1032 1656 ut
1054 1618 1144 1657 sine
1167 1618 1304 1669 aliquo
1333 1617 1628 1669 impedimento

148 1675 170 1712 3
199 1675 302 1726 legis
325 1675 452 1714 Iuliae
479 1687 554 1726 per
574 1687 642 1714 eos
674 1675 850 1713 militare
879 1674 1078 1713 delictum
1110 1676 1289 1713 coerceri
1316 1676 1460 1726 possit.
1524 1677 1629 1727 Lege

198 1732 301 1771 Iulia
327 1731 378 1771 de
404 1732 448 1770 ui
478 1732 640 1783 priuata
661 1737 838 1781 tenetur,
868 1732 939 1782 qui
956 1744 1077 1783 quern
1095 1733 1262 1771 armatis
1280 1731 1518 1771 hominibus
1534 1745 1631 1784 pos-

198 1789 384 1828 sessione
415 1787 534 1828 domo
557 1789 656 1827 uilla
677 1801 826 1839 agroue
858 1788 1057 1828 deiecerit
1087 1790 1388 1840 expugnauerit
1419 1788 1631 1829 obsederit

199 1846 386 1896 cluserit,
424 1845 522 1885 idue
544 1852 590 1884 ut
610 1845 727 1884 fieret
748 1845 936 1884 homines
966 1845 1287 1884 commodauerit
1309 1846 1508 1886 locauerit
1528 1858 1632 1885 con-

199 1902 390 1942 duxerit:
426 1903 553 1954 quiue
576 1908 737 1941 coetum
761 1914 1003 1941 concursum
1025 1901 1188 1942 turbam
1211 1902 1456 1942 seditionem
1480 1904 1631 1942 incen—

199 1959 315 1999 dium
334 1958 490 2010 fecerit,
513 1958 696 1998 funerari
713 1959 936 2011 sepeliriue
955 1959 1135 2011 aliquem
1155 1959 1427 2011 prohibuerit,
1451 1959 1630 1999 funusne

199 2017 403 2068 eripuerit
434 2016 689 2055 turbauerit:
724 2022 764 2055 et
786 2017 858 2067 qui
891 2029 1008 2065 eum,
1037 2017 1102 2055 cui
1123 2029 1231 2068 aqua
1262 2022 1301 2055 et
1325 2017 1409 2068 igni
1431 2017 1631 2056 interdic-

200 2079 288 2113 tum
312 2079 398 2124 est,
433 2074 636 2125 receperit
657 2073 856 2112 celauerit
876 2073 1081 2112 tenuerit:
1117 2074 1244 2124 quiue
1267 2086 1360 2112 cum
1383 2074 1462 2112 telo
1484 2075 1525 2112 in
1548 2087 1628 2126 pu-

200 2129 308 2169 blico
339 2129 486 2179 fuerit,
526 2130 678 2181 templa
699 2136 837 2181 portas
870 2129 1038 2169 aliudue
1070 2129 1172 2181 quid
1207 2129 1422 2182 publicum
1463 2131 1631 2170 armatis

201 2186 412 2227 obsederit
448 2188 625 2225 cinxerit
663 2187 854 2226 clauserit
890 2188 1169 2238 occupauerit.
1247 2186 1401 2239 quibus
1437 2187 1629 2227 omnibus

342 2290 359 2297 ,ν
379 2289 483 2296 Ἄκη-μαι
501 2289 505 2291 -
516 2289 529 2294 Α
540 2289 561 2295 «,
585 2288 799 2295 ³⁷⁸⁷*1wVJWAxNJ
816 2289 862 2296 *Vr-„⁷
878 2289 886 2292 -
899 2289 906 2292 κ
922 2289 928 2292 ν»
964 2290 991 2295 2»
1005 2290 1009 2291 ν
1038 2289 1124 2296 ,n—,nffr
1146 2290 1263 2296 stepspsx„
1282 2290 1329 2296 ».«.-
1341 2288 1632 2296 r,»>VWNW1⁷vxr»rx

296 2360 314 2388 2
340 2359 446 2398 prout
470 2365 641 2398 personae
669 2356 835 2388 condicio
861 2359 911 2388 est
937 2357 1014 2397 Diy.
1081 2357 1094 2397 ΙΙ
1160 2360 1176 2387 3
1206 2357 1390 2398 relegatur]
1427 2357 1635 2397 deportatur

204 2403 283 2444 Diq.
336 2403 351 2443 ΙΙ
406 2404 422 2434 4
451 2412 520 2443 quo
540 2402 625 2443 quid
644 2402 800 2433 alienum
817 2402 911 2439 dett,
932 2402 1029 2443 quod
1046 2404 1107 2443 qui
1127 2403 1284 2434 alienum
1304 2403 1340 2439 L,
1362 2401 1529 2443 quodque
1548 2401 1635 2432 aliut

204 2449 243 2481 M
279 2448 293 2489 ll
335 2451 352 2479 5
378 2449 608 2489 interciperet
624 2450 767 2489 caperet
784 2447 984 2488 possideret
998 2449 1093 2485 dett„
1115 2449 1343 2489 interceperit
1361 2448 1493 2488 ceperit
1508 2455 1632 2487 posse-

205 2494 298 2525 derit
315 2494 377 2525 ML
429 2493 442 2534 ΙΙ
495 2496 512 2525 9
538 2493 596 2525 uel
616 2493 660 2531 M,
683 2495 716 2524 et
735 2494 758 2524 L
810 2493 823 2531 11
877 2495 916 2524 ⁴6
942 2494 1111 2525 necariue
1129 2495 1223 2526 dett..
1243 2502 1306 2524 om.
1333 2493 1392 2524 ML
1442 2492 1455 2531 11
1509 2494 1546 2522 ⁴8
1575 2500 1634 2523 ca-

203 2540 286 2581 pitis
308 2539 476 2576 Cuiacius,
500 2541 616 2580 capite
633 2540 760 2570 codices
814 2538 828 2578 ll
885 2541 924 2570 ⁴9
952 2539 1148 2579 coercetur]
1169 2541 1202 2570 in
1220 2539 1243 2569 L
1263 2539 1436 2569 adduntur
1452 2538 1551 2568 haec:
1571 2538 1631 2577 qui

205 2585 388 2616 hominem
413 2585 606 2625 ingenuum
631 2585 688 2616 uel
714 2585 792 2616 ciue
818 2592 1008 2616 romanum
1025 2585 1100 2616 uim
1119 2583 1198 2616 ferit
1214 2583 1447 2624 tlagellauerit
1464 2582 1634 2613 humilio-

206 2639 263 2662 res
288 2631 404 2670 capite
428 2631 627 2671 puniuntur
653 2630 873 2661 honestiores
899 2631 933 2661 in
959 2630 1124 2665 insulam,
1153 2629 1195 2668 cf.
1224 2632 1255 2663 5.
1282 2626 1354 2662 30¹³.
1377 2631 1387 2657 ⁴
1456 2628 1469 2668 11
1532 2629 1573 2658 20
1600 2630 1633 2659 et

210 2675 379 2711 Cuiacius,
408 2684 471 2707 om.
492 2677 620 2707 codices
673 2676 686 2716 11
743 2677 778 2705 2⁴
810 2674 1070 2717 obtemperauit
1086 2675 1214 2706 codices
