1966 3081
349 274 370 312 4

349 388 371 425 5

352 962 371 998 *l

352 1247 375 1341 <000

326 1474 374 1512 40

355 2136 378 2230 ωῑθ

400 148 614 190 le.:.²3.24
920 171 1030 175 ——
1092 147 1142 186 *28
1203 170 1315 175 --

512 274 691 313 Inritum
725 274 767 312 tit
808 279 1126 322 testamentum,
1162 275 1195 312 si
1226 278 1395 312 testator
1431 273 1565 324 capite
1597 273 1838 314 deminutus

399 329 539 379 fuerit,
566 337 636 369 aut
659 331 692 369 si
718 332 808 370 iure
833 329 936 369 facto
958 337 1205 370 testamento
1227 342 1350 368 nemo
1373 330 1559 368 extiterit
1582 329 1718 369 heres.

513 389 554 427 Si
579 389 613 426 is
636 389 708 439 qui
730 394 1026 427 testamentum
1047 387 1140 426 fecit
1164 387 1217 426 ab
1240 386 1428 426 hostibus
1450 394 1595 438 captus
1617 389 1683 437 sit,
1710 394 1839 427 testa-

400 451 585 484 mentum
604 446 694 484 eius
710 445 835 494 ualet,
852 446 884 483 si
905 444 1076 496 quidem
1095 457 1292 483 reuersus
1311 443 1450 487 fuerit,
1469 445 1558 483 iure
1575 444 1835 496 postliminii,

400 504 433 541 si
457 515 557 541 uero
580 502 638 540 ibi
660 502 903 551 decesserit,
931 515 983 541 ex
1005 503 1095 552 loge
1119 501 1322 550 Cornelia,
1349 513 1450 554 quae
1472 500 1648 552 perinde
1670 514 1838 541 succes·
1867 511 1881 538 ῖ

402 560 562 599 sionem
586 560 676 599 cius
698 559 928 607 confirmat,
954 565 1080 610 atque
1103 559 1136 597 si
1162 560 1201 597 in
1227 560 1394 598 ciuitate
1417 558 1682 598 decessisset.

515 617 558 655 Si
580 623 741 668 septem
760 617 891 667 signis
911 617 1080 655 testium
1103 617 1311 664 sig-rnatum
1334 616 1387 654 sit
1409 622 1718 666 testamentum,
1744 616 1838 655 licet

402 674 492 712 iure
531 674 644 712 ciuili
676 681 843 724 ruptum
876 673 944 712 uel
979 673 1148 711 inritum
1181 672 1334 711 factum
1371 673 1446 721 sit,
1480 680 1648 724 praetor
1676 673 1842 725 scriptis

402 730 630 769 heredibus
654 731 768 769 iuxta
799 729 962 769 tabulas
985 728 1189 768 bonorum
1214 730 1512 781 possessionem
1537 729 1629 779 dat,
1657 731 1692 769 si
1714 736 1842 769 testa-

402 795 462 826 tor
493 794 529 826 et
561 788 665 826 ciuis
687 788 895 826 Romanus
919 793 957 825 ct
990 799 1087 825 suae
1119 786 1337 838 potestatis
1359 799 1452 826 cum
1481 795 1715 826 moreretur
1738 786 1836 827 fuit:

401 858 525 896 quam
558 844 758 883 bonorum
791 844 1096 894 possessionem
1118 856 1211 882 cum
1236 856 1292 892 re,
1322 842 1363 882 id
1386 850 1448 882 est
1471 856 1563 883 cum
1593 844 1743 883 effectu
1767 844 1842 883 ha-

401 902 512 950 bent,
539 902 573 940 si
597 914 716 940 nemo
738 902 845 940 alius
868 902 960 940 iure
982 901 1107 939 heres
1128 901 1194 939 sit.

518 957 677 997 Liberis
710 957 1002 1010 impuberibus
1026 958 1066 996 in
1098 963 1301 1009 potestate
1332 957 1600 996 manentibus
1630 964 1712 996 tam
1734 960 1842 997 natis

401 1029 524 1067 quum
548 1016 751 1068 postumis
782 1015 963 1055 heredes
985 1014 1240 1054 substituere
1262 1020 1461 1066 parentes
1489 1021 1662 1066 possunt
1685 1014 1839 1066 duplici

402 1072 540 1112 modo:
580 1072 621 1111 id
644 1079 705 1112 est
727 1079 795 1112 aut
820 1086 889 1121 (το,
918 1085 992 1124 quo
1016 1072 1251 1121 extraneis,
1279 1078 1344 1121 ut,
1372 1073 1406 1110 si
1430 1071 1609 1110 heredes
1630 1084 1712 1110 non
1735 1072 1842 1111 exti-

402 1132 529 1170 terint
562 1129 708 1179 liberi,
737 1129 988 1169 substitutus
1021 1130 1142 1168 heres
1164 1129 1253 1178 fiat,
1293 1135 1360 1168 aut
1385 1130 1554 1180 proprio
1577 1129 1690 1179 iure,
1716 1134 1782 1180 ut,
1809 1129 1841 1168 si

402 1194 491 1239 post
523 1194 696 1226 mortem
727 1189 914 1238 parentis
938 1186 1117 1225 heredes
1147 1184 1243 1224 sacti
1277 1187 1383 1225 intra
1405 1185 1666 1237 pubertatem
1697 1185 1844 1225 deces-

401 1245 556 1294 serint,
595 1243 847 1283 substitutus
878 1245 1000 1283 heres
1024 1244 1106 1282 fiat.
1149 1243 1283 1282 Etiam
1313 1243 1584 1283 exheredatis
1615 1243 1711 1282 filiis
1741 1242 1844 1282 sub-

402 1302 577 1341 stituere
607 1301 853 1353 parentibus
886 1302 994 1340 licet.
1050 1301 1137 1339 Non
1169 1301 1291 1339 aliter
1323 1300 1534 1352 impuberi
1571 1299 1652 1339 filio
1684 1299 1844 1339 substi-

403 1365 521 1398 tuere
554 1359 649 1410 quis
672 1358 869 1398 heredem
892 1365 1047 1410 potest,
1077 1370 1201 1408 quam
1224 1358 1257 1396 si
1281 1357 1361 1396 sibi
1385 1358 1479 1408 quis
1500 1357 1698 1396 heredem
1723 1357 1843 1396 insti-

404 1417 528 1455 tuerit
554 1416 621 1454 uel
645 1416 781 1467 ipsum
805 1416 935 1454 filium
958 1416 1025 1454 uel
1049 1413 1279 1465 quemlibet
1301 1415 1443 1453 alium.

517 1473 667 1511 Milites
695 1472 1083 1524 quomodocumque
1114 1470 1290 1510 fecerint
1312 1478 1585 1521 testamenta,
1611 1471 1775 1520 ualent,
1802 1470 1843 1509 id

403 1537 464 1568 est
487 1531 610 1568 etiam
634 1530 724 1568 sine
749 1530 931 1581 legitima
954 1529 1261 1568 obseruatione.
1302 1541 1397 1567 nam
1421 1527 1724 1580 principalibus
1745 1540 1844 1566 con—

402 1586 688 1626 stitutionibus
722 1588 973 1638 permissum
1009 1593 1070 1625 est
1103 1586 1205 1635 illis,
1246 1585 1634 1636 quomodocumque
1667 1584 1840 1634 uellent,

403 1643 791 1695 quomodocumque
822 1650 1014 1696 possent,
1047 1644 1207 1682 testari.
1253 1643 1379 1694 idque
1399 1649 1707 1692 testamentum,
1742 1642 1844 1694 quod

405 1702 519 1740 miles
541 1708 683 1740 contra
714 1702 815 1740 iuris
846 1701 1033 1753 regulam
1055 1699 1173 1749 fecit,
1210 1701 1266 1738 ita
1288 1700 1456 1739 demum
1488 1700 1621 1748 ualet,
1655 1699 1688 1738 si
1712 1699 1777 1738 uel
1802 1699 1842 1737 in

404 1759 549 1797 castris
572 1764 759 1797 mortuus
781 1759 834 1797 sit
855 1758 924 1798 uel
945 1764 1037 1809 post
1058 1757 1301 1797 missionem
1323 1758 1431 1796 intra
1455 1769 1623 1796 annum.

916 1883 1017 1935 [xxlv
1079 1894 1126 1920 DE
1157 1881 1329 1934 ments]

519 1965 714 2013 Legatum
746 1970 809 2002 est
830 1962 941 2014 quod
965 1963 1069 2013 legis
1090 1962 1233 2011 modo,
1260 1961 1303 2000 id
1325 1968 1388 2000 est
1411 1961 1680 2012 imperatiue,
1714 1967 1844 2000 testa-

407 2027 544 2059 mento
569 2021 839 2070 relinquitur.
875 2033 971 2058 nam
994 2032 1055 2069 ea,
1082 2032 1190 2071 quae
1212 2019 1426 2070 precatiuo
1448 2017 1569 2057 modo
1592 2019 1843 2070 relinquun-

406 2085 488 2128 tur,
515 2078 832 2117 fideicommissa
854 2084 1070 2116 uocantur.

519 2136 720 2185 Legamus
742 2140 879 2174 autem
903 2140 1099 2185 quattuor
1122 2131 1278 2172 modis:
1304 2145 1382 2184 per
1402 2131 1744 2182 uindicationem,
1769 2144 1844 2184 per

405 2191 729 2241 damnationem,
754 2191 922 2231 sinendi
947 2190 1080 2240 modo,
1108 2202 1183 2241 per
1207 2190 1559 2241 praeceptionem.
1602 2190 1680 2228 Per
1701 2188 1845 2228 uindi—

406 2249 606 2288 cationem
640 2248 702 2287 his
734 2247 877 2287 uerbis
908 2248 1115 2297 legamus:
1151 2260 1202 2286 no
1233 2259 1352 2296 LEGo,
1388 2258 1549 2296 CAPITO,
1581 2258 1744 2296 svmro,
1770 2257 1846 2285 stm

499 2455 510 2483 t
545 2453 722 2484 inirritum
747 2451 771 2484 C
809 2450 821 2494 ΙΙ
860 2453 970 2483 testor
991 2452 1016 2483 C
1053 2450 1065 2493 ΙΙ
1106 2455 1122 2482 5
1151 2461 1242 2492 quae
1264 2451 1435 2487 Cuiacius,
1465 2459 1580 2491 neque
1602 2450 1627 2483 C
1674 2459 1675 2489 j
1716 2452 1734 2481 9
1762 2459 1846 2491 pos—

407 2500 568 2530 sessione
589 2498 614 2530 C
643 2496 655 2541 ΙΙ
689 2501 723 2529 tt
748 2498 878 2529 bonam
902 2498 926 2527 C
948 2495 960 2539 ΙΙ
985 2497 1136 2529 habetur
1157 2498 1182 2530 C
1211 2495 1224 2540 ΙΙ
1258 2499 1296 2528 45
1316 2505 1387 2536 quo
1412 2496 1527 2533 TiliuS,
1549 2504 1631 2527 cum
1654 2495 1678 2527 C
1700 2493 1712 2538 ΙΙ
1748 2498 1787 2527 ⁴6
1807 2500 1843 2527 ut

408 2545 515 2585 Hu90,
540 2544 573 2575 id
593 2548 645 2576 cst.
666 2544 690 2576 C
720 2542 732 2586 ΙΙ
767 2546 803 2574 ’17
826 2543 1010 2584 pubertate
1033 2544 1057 2574 C
1089 2541 1100 2584 ΙΙ
1135 2546 1174 2573 48
1194 2542 1452 2575 exhereditates
1474 2541 1498 2573 C
1528 2539 1540 2583 ΙΙ
1572 2543 1612 2572 20
1634 2540 1763 2573 hedem
1783 2540 1809 2573 C
1843 2540 1847 2583 Ι

407 2590 499 2630 quis]
526 2591 626 2631 prius
644 2590 839 2622 Lachmann
888 2587 901 2630 ΙΙ
949 2588 1171 2620 instituhcrct
1194 2588 1219 2620 C
1264 2586 1277 2631 ΙΙ
1324 2589 1364 2618 22
1391 2586 1743 2628 commodocumque
1765 2586 1790 2619 C
1843 2586 1847 2627 Ι

407 2638 448 2666 25
476 2638 727 2668 testamentum
754 2634 850 2676 quod
877 2634 979 2666 miles
1004 2634 1118 2671 Tilim,
1149 2635 1358 2665 testamento
1385 2642 1467 2664 cum
1496 2632 1564 2663 illis
1586 2632 1610 2664 C
1647 2630 1660 2674 Η
1700 2634 1742 2663 26
1769 2633 1845 2664 iure

411 2680 436 2711 C
473 2679 486 2723 Η
526 2684 566 2712 30
586 2681 783 2722 precatinio
806 2679 870 2711 Css‘?
909 2678 921 2720 ΙΙ
962 2681 1000 2710 31·
1022 2679 1101 2719 sibi]
1124 2680 1201 2711 siue
1222 2679 1246 2711 C

1869 795 1908 823 <to

1870 1081 1909 1109 45

1871 1366 1910 1394 20

1870 2027 1910 2056 30
