1942 3081
736 161 845 166 -—
910 139 979 178 161
1049 161 1159 166 ——-
1517 137 1661 169 modest.

571 309 845 348 MODESTINI
877 308 1188 347 FRAGMENTA
1222 308 1320 346 DvO

404 405 669 449 Fragmentum
701 402 803 447 quod
835 403 1008 447 sequitur
1038 402 1170 437 Petrus
1203 401 1400 445 Pithoeus,
1445 403 1504 436 cui
1540 403 1606 437 soli

286 463 370 497 eius
401 462 570 497 notitiam
600 458 798 502 debemus,
833 457 870 494 sn
902 458 1034 494 codice
1065 459 1192 493 nescio
1225 468 1301 503 quo
1335 458 1450 503 patris
1471 459 1528 493 sui
1551 459 1609 493 in-

288 522 466 554 uenerat:
494 518 541 553 cf.
566 517 786 561 Fragmenta
803 515 990 561 quaedam
1011 515 1202 560 Papiniani
1219 519 1290 550 etc.
1319 525 1364 550 ex
1381 513 1607 551 bibliotheca

289 576 326 611 P.
355 575 510 617 Pithoei,
539 574 705 609 Lutetiae
733 575 835 610 4573
863 583 899 618 p.
929 575 977 609 54
1002 577 1038 608 et
1064 576 1075 608 1
1098 575 1155 608 11.

343 672 597 712 Modestinus
629 672 868 724 regularum
899 671 972 710 lib.
999 671 1049 710 III
1076 669 1155 710 sub
1177 671 1296 710 titulo
1319 669 1371 709 de
1393 669 1516 709 bonis
1536 669 1666 708 liber-

229 737 366 770 torum
389 737 429 770 et
451 729 503 769 de
526 729 801 768 testamentis.
838 728 941 767 Cum
964 729 1007 767 in
1030 734 1276 767 testamento
1299 726 1389 766 dies
1412 733 1452 766 et
1475 727 1665 766 consules

227 787 486 843 adiecti-non
510 793 620 836 sunt,
648 799 728 825 non
751 792 883 836 nocet,
912 787 1133 837 quominus
1156 785 1293 824 ualeat
1314 790 1624 823 testamentum.

345 1015 457 1053 Inter
487 1027 581 1053 eum
613 1014 685 1065 qui
717 1014 758 1052 in
791 1013 967 1052 insulam
1001 1013 1211 1063 relegatur
1239 1017 1280 1051 et
1302 1024 1396 1050 eum
1419 1011 1491 1063 qui
1514 1009 1667 1062 depor-

230 1078 342 1111 tatur
365 1084 512 1123 magna
535 1078 597 1110 est
617 1070 868 1119 differentia,
896 1076 941 1109 ut
963 1069 1020 1108 ait
1041 1069 1296 1108 Herennius:
1323 1069 1456 1120 primo
1479 1069 1577 1119 quia
1599 1080 1667 1107 re-

231 1129 411 1180 legatum
433 1128 541 1167 bona
562 1134 816 1179 sequuntur,
843 1127 924 1165 nisi
945 1126 1100 1165 fuerint
1121 1126 1328 1165 sententia
1349 1124 1565 1176 adempta,
1592 1124 1667 1164 de-

229 1192 437 1238 portatum
460 1197 542 1224 non
564 1190 821 1236 sequuntur,
857 1183 938 1222 nisi
960 1183 1096 1234 palam
1118 1183 1155 1222 ei
1179 1181 1336 1222 fuerint
1358 1194 1576 1221 concessa:
1613 1182 1666 1221 ita

231 1243 305 1292 fit,
331 1248 377 1281 ut
410 1241 587 1294 relegato
616 1241 869 1280 mentionem
900 1239 1103 1279 bonorum
1126 1240 1168 1278 in
1190 1239 1398 1278 sententia
1420 1251 1502 1277 non
1524 1237 1667 1278 haberi

230 1300 374 1352 prosit,
400 1298 615 1350 deportato
636 1304 796 1337 noceat.
842 1298 942 1336 item
964 1296 1118 1336 distant
1140 1297 1262 1336 etiam
1286 1296 1328 1335 in
1351 1296 1426 1335 loci
1449 1297 1663 1347 qualitate,

229 1355 341 1408 quod
372 1368 467 1396 cum
495 1356 674 1407 relegato
697 1355 868 1407 quidem
892 1354 1113 1393 humanius
1135 1353 1404 1404 transigitur,
1439 1352 1668 1404 deportatis

231 1426 331 1453 uero
353 1414 428 1453 hae
446 1413 578 1452 solent
595 1413 756 1452 insulae
773 1411 998 1463 adsignari,
1026 1423 1133 1462 quae
1150 1417 1248 1450 sunt
1264 1410 1519 1462 asperrimae
1537 1422 1668 1461 quae-

230 1483 312 1522 que
335 1477 433 1510 sunt
454 1470 577 1522 paulo
600 1470 739 1509 minus
761 1481 920 1508 summo
943 1468 1149 1520 supplicio
1172 1466 1488 1519 comparandae.

403 1576 480 1611 Hoc
511 1576 763 1621 fragmentum
794 1585 840 1610 ex
870 1574 1002 1610 Isidori
1034 1573 1262 1609 Differentiis
1299 1568 1374 1621 (ed.
1409 1571 1560 1607 Areuali
1586 1572 1612 1606 V

289 1644 328 1678 p.
357 1637 405 1670 26
439 1629 574 1679 §⁶200)
623 1632 799 1667 haustum
830 1631 1038 1668 Modestino
1070 1632 1218 1676 egregia
1249 1630 1466 1665 coniectura
1497 1629 1605 1674 Casp.

291 1691 463 1725 Barthius
487 1686 817 1738 (Aduersariorum
839 1688 904 1724 lib.
929 1692 977 1725 39
1002 1699 1086 1733 cap.
1116 1690 1158 1723 14
1178 1697 1218 1732 p.
1237 1689 1355 1735 1783)
1378 1686 1606 1722 uindicauit:

287 1748 355 1792 qui
385 1757 472 1783 cum
503 1749 542 1782 in
572 1747 726 1791 antiquo
750 1746 881 1782 Isidori
904 1745 1034 1782 codiee
1059 1743 1176 1780 uerba
1197 1749 1238 1779 ut
1261 1745 1315 1779 ait
1336 1745 1484 1780 orenius
1505 1743 1612 1788 prio-

289 1805 396 1840 ribus
426 1804 560 1839 Isidori
591 1802 820 1839 editionibus
850 1804 975 1848 ignota
1007 1802 1236 1844 inuenisset,
1273 1801 1310 1836 In
1341 1802 1492 1837 nomine
1523 1810 1613 1835 cor-

290 1866 402 1906 rupto
424 1861 655 1896 Herennium
687 1860 802 1895 latere
833 1860 1030 1895 intellexit.
1085 1859 1146 1894 alii
1167 1869 1254 1894 eum
1276 1858 1393 1893 secuti
1416 1857 1488 1892 hoc
1510 1857 1612 1902 frag-

289 1922 460 1953 mentum
497 1917 603 1953 libris
633 1917 933 1953 differentiarum
964 1917 1141 1951 Herennii
1172 1915 1371 1951 Modestini
1402 1918 1439 1949 et
1469 1914 1611 1949 collatis

288 1975 445 2020 quidem
474 1975 558 2020 Dig.
594 1976 658 2017 48,
690 1977 753 2018 19,
784 1978 830 2011 22
866 1975 987 2020 primo
1020 1984 1151 2008 earum
1181 1971 1278 2008 libro
1310 1971 1607 2016 adscripserunt.

289 2036 509 2067 contextum
530 2031 577 2067 ad
593 2030 743 2067 Areuali
768 2029 821 2079 (A)
851 2036 887 2067 et
910 2030 1049 2066 Barthii
1073 2026 1125 2079 (B)
1154 2029 1339 2065 editiones
1360 2029 1606 2064 restituimus.

328 2347 344 2377 4
372 2346 548 2387 relegatus
567 2347 618 2377 est
636 2347 667 2377 et
690 2346 715 2377 B
754 2346 768 2385 ll
809 2348 826 2376 5
854 2345 1054 2377 differentia
1071 2346 1123 2377 est
1139 2345 1165 2375 A
1206 2343 1219 2384 ΙΙ
1261 2346 1299 2375 ut
1315 2345 1362 2375 ait
1380 2344 1524 2375 orenius
1542 2343 1579 2379 B,
1601 2351 1665 2373 om.

233 2392 259 2423 A
302 2392 315 2431 ΙΙ
355 2393 438 2433 quia
457 2393 496 2430 B,
518 2391 614 2432 quod
633 2392 721 2422 alias
738 2392 799 2432 qui
815 2391 841 2422 A
882 2391 896 2431 ll
938 2393 954 2421 6
982 2391 1156 2422 sententia
1175 2390 1340 2430 adempta
1358 2390 1397 2422 A,
1417 2388 1580 2428 adempta
1599 2387 1668 2418 alio

236 2438 343 2470 modo
363 2439 390 2469 B
430 2438 443 2478 ss
485 2440 502 2469 S
529 2439 565 2468 ut
584 2437 622 2471 A,
643 2438 679 2468 in
699 2437 725 2468 B
764 2436 777 2476 11
819 2437 852 2467 in
872 2437 1047 2468 sententia
1063 2436 1100 2475 A,
1121 2444 1186 2467 om.
1209 2436 1236 2466 B
1275 2435 1288 2474 ΙΙ
1330 2443 1398 2465 non
1417 2433 1541 2464 haberi
1558 2433 1666 2474 prosit

237 2483 445 2521 Lachmann,
465 2482 589 2515 haberi
609 2491 678 2514 non
696 2482 864 2524 prosit-A,
885 2491 955 2513 non
975 2482 1110 2513 homini
1129 2482 1241 2523 possit
1263 2480 1288 2512 B
1339 2480 1351 2518 [Ι
1393 2481 1410 2509 9
1448 2480 1554 2509 etiam
1574 2479 1612 2515 Β,
1635 2480 1668 2509 et

236 2529 260 2559 A
302 2529 315 2568 11
358 2532 396 2559 10
424 2529 571 2570 quidem
589 2529 627 2559 A.
648 2537 712 2559 om.
736 2528 760 2559 B
800 2528 813 2568 ll
857 2531 890 2558 11
923 2528 987 2560 hae
1006 2528 1044 2565 B,
1065 2536 1129 2559 om.
1149 2528 1174 2557 Α
1217 2524 1228 2568 ss
1270 2527 1350 2556 sunt
1368 2524 1405 2559 A,
1426 2533 1490 2555 om.
1515 2524 1539 2554 B

1695 1360 1733 1388 40
