1942 3081
772 161 880 168 —-.
948 139 1021 178 167
1082 162 1196 167 ———
1464 138 1699 180 Degradibus

268 262 398 315 gradu
437 270 532 303 sunt
571 264 689 302 etiam
730 264 867 314 patrui
908 265 1056 302 amitae
1096 265 1295 303 auunculi
1327 271 1574 303 materterae
1608 264 1695 302 filii.

218 319 239 356 7
269 320 419 366 Quinto
450 319 581 371 gradu
612 326 707 359 sunt
738 332 862 371 supra
895 326 1042 359 atauus
1072 321 1230 370 mania,
1274 320 1380 359 infra
1411 320 1594 372 adnepos
1624 320 1700 359 ad-

269 377 427 428 neptis:
464 390 514 416 ex
545 384 784 416 transuerso
809 376 950 415 fratris
981 383 1022 416 et
1052 377 1204 416 sororis
1231 389 1438 428 pronepos
1460 379 1694 428 proneptis:

268 440 521 485 propatruus
544 433 760 485 proamita,
787 432 828 472 id
852 439 913 472 est
933 434 1081 484 proaui
1104 433 1232 472 frater
1254 440 1293 472 et
1315 446 1452 472 soror:
1489 446 1702 485 proauun-

269 491 387 530 culus
417 496 736 540 promatertera,
773 488 815 528 id
845 497 906 529 est
935 491 1129 542 proauiae
1154 489 1289 542 frater
1320 495 1355 529 et
1380 502 1515 529 soror:
1555 503 1701 529 conso-
1729 499 1742 525 ε·

269 547 381 586 brini
406 547 512 586 filius
534 546 636 586 filia:
675 547 772 586 item
795 547 967 599 propius
989 547 1182 586 sobrinus
1203 546 1392 596 sobrina,
1420 546 1461 586 id
1484 553 1545 586 est
1566 548 1699 598 patrui

219 604 242 641 8
270 605 407 656 magni
444 604 591 642 amitae
632 616 803 656 magnae
841 605 1037 644 auunculi
1079 604 1218 655 magni
1250 610 1496 643 materterae
1529 616 1701 655 magnae

270 661 342 699 filii
361 661 485 699 filiae.
530 662 654 699 Sexto
678 660 807 712 gradu
830 667 926 700 sunt
948 674 1074 713 supra
1096 662 1274 700 tritauus
1295 662 1476 711 tritauia,
1503 661 1606 699 infra
1626 661 1703 699 tri-

268 730 398 769 nepos
420 718 638 769 trineptis:
672 730 723 756 ex
753 725 990 757 transuerso
1022 717 1163 758 fratris
1188 724 1229 758 et
1249 719 1400 757 sororis
1421 718 1607 769 abnepos
1629 717 1705 756 ab—

269 776 428 826 neptis:
464 774 695 826 abpatruus
718 774 921 826 abamita,
956 775 998 814 id
1021 782 1082 814 est
1103 776 1224 815 abaui
1249 775 1375 814 frater
1397 782 1436 814 et
1458 787 1594 814 soror:
1632 774 1703 813 ab—

269 832 497 871 auunculus
529 831 822 883 abmatertera,
856 832 896 871 iel
926 837 984 872 est
1014 832 1184 872 (tbam'ae
1211 832 1347 884 frater
1379 837 1415 871 et
1435 844 1567 871 soror:
1605 833 1703 871 item

270 888 507 927 consobrini
535 901 665 940 nepos
687 890 931 940 neptisque:
971 890 1068 928 item
1100 890 1315 942 propatrui
1346 889 1575 941 proamitae
1606 901 1705 940 pro-

269 946 466 985 aunneuli
493 952 820 997 promaterterae
848 946 919 985 filii
950 947 1078 985 filiae:
1115 948 1212 986 item
1234 946 1392 986 sobrini
1415 945 1626 996 sobrinae⁷
1662 945 1704 984 id

270 1009 332 1042 est
354 1003 426 1054 qui
448 1015 609 1054 quaeue
632 1016 683 1042 ex
707 1002 870 1043 duobus
893 1003 1152 1044 consobrinis
1172 1010 1519 1056 progenerantur.

1346 1131 1348 1133 ,
1385 1128 1412 1135 α,
1438 1127 1661 1135 fflssftssxfaexxs
1699 1128 1703 1129 ν

365 1210 374 1237 1
406 1208 510 1239 etiam
529 1207 694 1245 Huschke,
715 1208 810 1239 enim
830 1209 958 1240 codices
997 1208 1010 1247 ΙΙ
1051 1211 1068 1239 2
1089 1208 1249 1249 abnepos
1267 1207 1432 1249 abneptis
1451 1208 1585 1239 Monac.
1606 1208 1669 1237 794
1696 1205 1708 1249 Η

271 1255 288 1283 5
314 1252 537 1294 promas-tera
563 1253 697 1284 Monac.
721 1255 823 1284 10291
893 1253 906 1293 u
969 1254 1151 1294 proauiae]
1180 1255 1306 1295 proaui
1333 1257 1367 1286 et
1392 1254 1526 1285 Monac.
1550 1255 1652 1284 40291
1677 1256 1707 1284 et

271 1299 334 1329 794
376 1297 389 1338 Η
430 1306 532 1330 soror
548 1300 583 1330 et
599 1297 707 1330 frater
724 1300 852 1330 codices
901 1299 914 1339 11
965 1302 982 1330 6
1008 1299 1090 1340 filia]
1113 1302 1147 1331 et
1163 1299 1232 1330 filia
1253 1300 1387 1332 Monac.
1410 1301 1472 1330 794
1515 1298 1528 1339 11
1575 1302 1612 1328 40
1642 1298 1708 1329 ab-

270 1344 474 1375 auunculus
497 1369 502 1374 .
528 1369 533 1375 .
557 1369 563 1375 .
596 1347 628 1374 ⁴1
654 1353 755 1376 soror
773 1344 939 1383 Huschke,
967 1347 1154 1386 neptisque
1172 1347 1301 1377 codices
1355 1346 1368 1386 l}
1427 1346 1465 1375 44
1493 1347 1708 1385 generantur

270 1390 405 1421 Monac.
426 1391 487 1420 794
