1966 3081
674 177 1068 216 —43..—

155 310 249 341 ante
276 303 311 353 1,
339 302 376 353 7,
406 304 444 341 4.
472 303 511 352 2,
541 303 576 352 1,
598 302 636 340 5
664 303 701 350 ⁶2,
731 303 769 348 5,
792 302 830 340 3.
859 302 898 351 2,
927 302 1052 351 13,1.
1080 302 1118 351 3,
1147 302 1184 351 5,
1211 302 1291 340 112².
1320 303 1358 351 23,
1385 302 1423 350 5,
1451 303 1514 339 11.
1542 302 1580 350 5,

157 361 222 410 22,
250 361 296 399 2:
332 366 548 411 praeterea
566 359 890 409 wisigothorum
912 358 1032 410 culpa
1054 360 1245 397 effectum
1269 365 1351 408 est,
1378 365 1422 397 ut
1446 358 1587 397 rubri-

153 429 224 455 cae
257 417 302 466 ἱ),
330 417 381 455 30
406 423 446 456 et
469 419 515 466 5,
545 416 617 465 10,
653 427 758 466 quae
788 415 994 465 genuinae
1027 428 1116 453 esse
1146 414 1371 462 uidentur,
1408 415 1447 452 in
1481 417 1586 465 Lege

153 474 333 512 Romana
356 473 576 512 sententiis
598 472 730 510 alieno
752 484 922 522 prorsus
939 478 1185 521 argumento
1209 471 1441 522 insignibus
1463 484 1586 522 prae-

154 531 435 569 mitterentur.
478 541 583 580 quae
614 541 707 568 cum
739 529 793 567 ita
824 529 907 567 sint
937 541 1075 579 neque
1098 529 1273 579 pristina
1297 528 1407 567 Pauli
1435 528 1586 566 diuisio

153 593 265 626 certo
298 586 458 625 restitui
480 586 631 637 possit,
665 592 837 637 propter
857 585 1063 636 allegandi
1096 586 1315 624 utilitatem
1339 598 1427 623 eam
1458 584 1588 623 libro-

155 656 244 683 rum
278 644 319 681 in
343 643 483 682 titulos
506 642 778 690 diuisionem,
805 654 909 692 quae
934 642 1146 694 hucusque
1169 655 1245 694 per
1267 641 1470 680 editiones
1491 654 1588 693 pro—

154 707 300 752 pagata
316 706 391 750 est,
419 700 689 738 retinuimus:
718 698 979 739 rubricarum
997 711 1103 750 quae
1122 698 1427 738 interciderunt
1443 698 1585 737 sedem

153 769 282 796 uacuo
310 757 441 808 spatio
473 756 750 795 iudicauimus
782 769 919 807 neque
952 769 1119 806 earum,
1156 769 1260 807 quas
1290 755 1469 795 editores
1490 768 1588 807 pro-

154 815 243 865 prio
265 815 392 852 Marte
416 814 699 864 restituerant,
725 814 803 851 nisi
828 826 1050 853 numerum
1074 814 1349 855 seruauimus,

268 870 385 917 Quod
408 869 459 909 ad
482 869 798 910 fundamentum
824 871 1012 909 criticum
1037 871 1206 921 attinet,
1233 883 1314 921 quo
1338 870 1439 909 haec
1461 869 1588 909 editio

152 928 321 967 nititur:
376 928 493 979 Legis
523 927 693 978 quidem
732 928 935 966 Romanae
966 928 1290 979 Wisigotl'iorum
1330 940 1421 966 cum
1462 926 1588 966 editio

152 991 354 1037 apparatu
377 985 517 1024 critico
540 985 741 1023 instructa
758 997 838 1023 non
862 991 987 1034 extet,
1014 984 1065 1023 ad
1089 985 1199 1023 hunc
1222 983 1430 1023 defectum
1455 996 1588 1022 remo-

152 1041 340 1081 uendum
361 1054 413 1081 ne
446 1042 515 1080 illa
537 1041 708 1092 quidem
738 1041 927 1093 supellex
949 1042 1092 1080 critica
1123 1041 1297 1091 sufficit,
1333 1054 1456 1092 quam
1480 1042 1588 1079 Hae-

155 1099 219 1138 nel
242 1098 295 1137 ad
310 1098 500 1138 Arndtsii
520 1098 746 1137 editionem
769 1099 973 1149 congessit
988 1099 1035 1149 1),
1063 1099 1102 1136 in
1122 1110 1202 1149 qua
1219 1105 1277 1137 tot
1294 1111 1459 1137 errores
1477 1110 1589 1137 com-

155 1157 269 1195 missi
293 1163 331 1195 et
354 1162 411 1194 tot
433 1155 630 1196 lectiones
647 1155 699 1193 ab
716 1155 904 1194 Arndtsii
921 1162 1039 1194 textu
1056 1155 1268 1194 uariantes
1283 1155 1458 1194 omissae
1476 1161 1586 1203 sunt,

155 1220 199 1252 ut
216 1212 267 1252 de
285 1212 365 1251 fide
383 1213 472 1252 eius
488 1212 760 1263 supellectilis
778 1225 925 1264 parum
944 1218 1115 1251 constet.
1149 1213 1288 1263 itaque
1305 1211 1357 1251 ad
1375 1212 1481 1250 hanc
1499 1211 1590 1250 edi-

155 1270 277 1308 tionis
300 1277 459 1321 partem
482 1282 635 1308 nouum
660 1268 979 1308 fundamentum
1004 1269 1237 1308 iaciendum
1262 1276 1363 1308 erat.
1414 1275 1453 1307 et
1476 1276 1590 1320 post—

155 1338 278 1377 quam
290 1326 451 1365 Codicis
459 1325 732 1365 Theodosiani
744 1327 929 1378 Epitoma
940 1326 1205 1377 Wisigothica
1225 1325 1395 1365 edoctus
1412 1339 1502 1365 sum
1514 1327 1590 1364 Le-

155 1384 217 1435 gis
229 1385 434 1423 Romanae
452 1383 615 1422 codices
629 1384 669 1422 in
682 1382 786 1422 duas
798 1384 950 1422 classes
962 1383 1195 1434 discedere,
1214 1385 1255 1422 in
1270 1395 1446 1434 quarum
1461 1383 1589 1422 altera

155 1440 286 1480 codex
305 1441 562 1480 Monacensis
592 1441 623 1478 D
647 1441 670 1478 2
702 1440 834 1492 (nohis
856 1440 911 1492 M)
939 1441 1092 1479 saeculi
1125 1440 1211 1479 sere
1233 1441 1299 1478 VII
1324 1447 1361 1479 et
1393 1447 1527 1479 aetate
1551 1446 1589 1477 et

155 1498 394 1549 integritate
416 1499 597 1549 primum
628 1498 759 1536 locum
783 1497 961 1547 obtinet,
997 1498 1034 1535 in
1060 1498 1189 1536 altera
1214 1497 1459 1536 Parisiensis
1482 1497 1588 1535 4403

162 1553 293 1606 (nobis
309 1554 352 1607 L)
379 1555 535 1594 saeculi
550 1555 635 1593 VIII
658 1555 725 1594 uel
745 1555 808 1604 IX,
836 1555 889 1593 ad
912 1555 984 1593 hos
1006 1554 1108 1593 duos
1131 1554 1294 1594 codices
1316 1568 1337 1592 a
1360 1567 1424 1593 me
1443 1566 1592 1593 excus—

154 1624 219 1650 sos
231 1611 258 1662 2)
287 1612 399 1651 Pauli
416 1611 673 1662 Wisigothiei
697 1618 936 1651 contextum
961 1611 1047 1649 fere
1072 1612 1256 1650 restitui:
1284 1618 1456 1662 apparet
1479 1611 1588 1649 enim

157 1669 338 1720 reliquos
377 1667 540 1707 codices
576 1668 706 1719 (nobis
744 1668 852 1717 clete.)
873 1700 880 1718 ,
926 1667 997 1707 uhi
1029 1667 1081 1706 ab
1112 1668 1194 1707 illis
1224 1666 1343 1707 libris
1381 1668 1592 1720 primariis

156 1725 420 1777 discrepent,
452 1725 663 1764 rarissime
684 1738 833 1764 uerum
856 1725 1180 1775 Wisigothorum
1210 1732 1371 1764 textum
1403 1738 1591 1764 seruasse

157 1789 197 1821 et
225 1783 299 1822 uix
328 1783 453 1822 ullam
484 1795 575 1821 esse
612 1783 828 1821 lectionem
861 1783 901 1820 in
934 1783 998 1821 his
1028 1789 1257 1832 seruatam,
1292 1794 1398 1833 quae
1427 1795 1509 1820 non
1541 1795 1592 1821 ex

156 1839 353 1878 mendosa
383 1840 547 1878 illorum
578 1840 753 1878 lectione
783 1838 891 1878 facili
925 1840 1161 1878 coniectura
1199 1840 1361 1878 restitui
1393 1840 1588 1891 potuerit.

157 1898 199 1936 in
229 1896 494 1936 adnotatione
525 1897 666 1935 critica
687 1897 854 1948 plenam
882 1895 1069 1935 codicum
1093 1898 1138 1935 M
1155 1902 1194 1935 et
1215 1898 1246 1934 L
1268 1895 1591 1948 discrepantiam

157 1966 239 1992 non
261 1953 445 2003 exhibui,
473 1955 630 2005 quippe
653 1965 759 2004 quae
782 1966 863 1992 non
887 1954 929 1992 in
953 1954 1064 1992 Pauli
1088 1953 1163 1992 sed
1186 1954 1227 1992 in
1251 1954 1369 2004 Legis
1384 1954 1591 1992 Romanae

158 2010 338 2050 editione
354 2010 641 2050 desideretur:
668 2009 871 2062 adscripsi
890 2017 1027 2049 tamen
1051 2011 1188 2049 uarias
1211 2010 1408 2049 lectiones
1430 2010 1482 2049 ad
1504 2024 1592 2049 om-

155 2080 230 2106 nes
249 2080 317 2106 eos
332 2068 453 2117 locos,
482 2068 523 2106 in
541 2066 696 2118 quibus
712 2067 764 2105 ab
781 2068 1004 2118 utriusque
1021 2067 1174 2106 codicis
1191 2066 1412 2106 traditione
1436 2069 1591 2107 recessi

156 2131 196 2163 et
226 2125 460 2175 singulares
490 2125 800 2163 alteriusutrius
832 2123 984 2163 codicis
1016 2125 1215 2164 lectiones
1245 2137 1337 2175 eas,
1371 2136 1478 2175 quae
1498 2125 1591 2164 ueri

155 2182 293 2233 aliqua
316 2183 453 2232 specie
475 2182 551 2220 niti
573 2181 834 2220 uiderentur.

268 2239 421 2277 Earum
447 2245 586 2277 autem
616 2238 944 2287 sententiarum,
979 2250 1085 2289 quae
1111 2238 1324 2290 Epitomae
1356 2250 1407 2276 ex
1431 2238 1591 2289 integro

250 2431 270 2471 ¹)
299 2432 459 2463 Varietas
485 2433 682 2473 scripturae
709 2441 751 2463 ex
776 2431 886 2463 Paulli
912 2441 930 2463 a
956 2431 1148 2472 visigothis
1174 2432 1355 2472 epitomati
1383 2430 1586 2462 coelleibus:

157 2476 298 2517 collegit
323 2478 500 2509 Gustavus
518 2477 664 2509 Haenel.
692 2477 838 2509 Bonnae
857 2479 943 2508 ⁴834
975 2476 1029 2517 (cf.
1052 2477 1190 2518 Corpus
1208 2477 1297 2508 iuris
1317 2478 1461 2508 Romani
1481 2477 1590 2507 Ante-

156 2523 336 2554 iustiniani
354 2524 541 2555 Bonnense
559 2524 571 2553 I
590 2531 624 2564 p.
643 2525 705 2553 163
721 2523 829 2563 sqq.).

245 2566 269 2607 2)
299 2568 466 2600 Codicem
494 2569 731 2600 parisiensem
757 2570 843 2599 4403
872 2569 940 2599 iam
968 2568 1053 2600 olim
1080 2568 1257 2599 Heni-icus
1282 2565 1500 2607 Degenkolb,
1528 2567 1588 2607 qui

157 2615 230 2644 tum
257 2614 354 2645 Pauli
379 2614 574 2646 editionem
600 2613 768 2655 parabat,
803 2613 1004 2645 contulerat
1027 2622 1177 2654 eamque
1203 2612 1432 2644 collationem
1459 2611 1586 2643 edendi

156 2658 304 2690 consilio
337 2659 498 2700 deposito
531 2659 625 2691 ultro
655 2659 741 2690 mihi
768 2658 912 2691 obtulit:
949 2669 1017 2700 qua
1046 2660 1078 2690 in
1107 2658 1232 2689 codice
1257 2657 1374 2688 denuo
1401 2657 1587 2688 tractando

155 2705 287 2745 optime
303 2703 446 2737 adiutus
463 2714 556 2737 sum.
