1942 3081
706 216 819 222 —.-.
878 193 929 233 83
991 216 1100 222 --
1303 196 1619 234 P0111.111,4A.4n

185 315 237 356 ad
266 322 561 356 testamentum
591 316 767 355 adhibiti
798 330 879 356 non
912 326 1075 358 nocent.
1131 318 1339 369 superflua
1371 320 1479 357 enim
1513 320 1615 359 sacta

109 373 150 411 44
184 372 379 424 prodesse
413 375 491 413 iuri
514 380 697 423 tantum,
732 386 880 413 nocere
903 387 985 413 non
1009 381 1195 426 possunt.
1253 375 1295 412 ln
1327 374 1504 414 aduersa
1527 390 1616 416 cor-

183 431 295 481 poris
324 430 565 469 ualetudine
597 437 735 469 mente
766 437 912 482 captus
933 430 1077 470 eodem
1108 437 1292 482 tempore
1325 438 1615 472 testamentum

107 487 156 524 43³
185 486 318 526 facere
350 499 431 525 non
454 493 600 538 potest.
658 486 856 538 Prodigus
886 494 1052 539 recepta
1074 488 1185 527 uitae
1218 489 1391 527 sanitate
1413 488 1465 527 ad
1488 488 1616 529 bonos

153 578 156 579 γ
184 556 318 582 mores
341 556 536 583 reuersus
560 550 599 582 et
620 550 916 583 testamentum
934 544 1069 584 facere
1092 551 1227 596 potest
1249 551 1289 584 et
1306 544 1358 584 ad
1380 549 1614 586 testamenti
1644 556 1660 581 -·'›

105 600 154 638 43
182 600 398 640 sollemnia
419 599 610 640 adhiberi
633 608 781 652 potest.
822 602 883 640 Ex
904 602 979 653 his,
1008 602 1080 653 qui
1103 601 1155 641 ad
1178 608 1472 641 testamentum
1495 603 1616 642 adhi-

183 656 356 707 bentur,
392 658 426 696 si
449 658 520 708 qui
553 658 635 696 sint
665 659 736 709 qui
761 659 899 698 Latine
930 660 1118 699 nesciant
1141 660 1208 698 uel
1240 671 1320 698 non
1353 659 1609 711 intellegant,

182 714 215 752 si
238 720 376 753 tamen
400 715 601 763 sentiant,
638 716 708 754 cui
728 715 787 754 rei
820 716 1038 766 intersint,
1077 715 1253 756 adhibiti
1276 728 1357 754 non
1381 716 1530 755 uitiant
1554 723 1616 756 te-

105 771 119 807 4
135 771 152 808 4
180 776 447 811 stamentum.
499 770 864 823 *Repetundarum
897 772 1117 812 damnatus
1137 786 1215 812 nec
1245 772 1297 812 ad
1320 779 1613 813 testamentum

104 827 152 864 15
178 827 280 867 *nec
309 827 362 867 ud
401 828 680 867 testimonium
711 828 901 868 adhiberi
941 836 1089 881 potest.
1158 829 1529 881 Hermaphroditus
1561 844 1612 870 an

176 883 252 924 *ad
283 890 578 924 testamentum
599 885 793 924 adhiberi
824 887 976 937 possit,
1011 887 1187 938 qualitas
1210 899 1334 926 sexus
1358 887 1614 927 incalescen-

103 941 153 978 46
177 938 255 980 *tis
277 941 472 981 ostendit.
527 942 720 994 Singulos
744 949 883 993 testes,
912 945 982 994 qui
1007 944 1047 982 in
1070 950 1315 983 testamento
1339 943 1607 995 adhibentur,

178 998 370 1050 *proprio
402 999 674 1050 chirographo
697 999 895 1039 adnotare
928 1002 1142 1050 conuenit,
1169 1002 1263 1052 quis
1287 1008 1325 1039 et
1347 1001 1465 1040 cuius
1487 1008 1613 1041 testa-

178 1055 388 1095 *mentum
410 1056 682 1107 signauerit.*

521 1179 590 1232 [ΝΒ
651 1180 721 1219 *DE
752 1192 1020 1220 INSTITVTIONE
1053 1181 1268 1233 flssnssnvm*]

131 1259 144 1295 ¹l
293 1259 592 1299 Condicionum
623 1258 704 1299 duo
726 1266 823 1299 sunt
853 1273 1030 1311 genera:
1066 1267 1137 1299 aut
1168 1262 1278 1299 enim
1301 1261 1511 1312 possibilis
1533 1270 1607 1313 est,

178 1323 249 1356 aut
270 1315 561 1368 impossibilis:
597 1316 822 1368 possibilis,
849 1330 954 1368 quae
976 1330 1050 1369 per
1071 1330 1211 1357 rerum
1236 1324 1426 1357 naturam
1451 1319 1610 1358 admitti

177 1379 334 1424 potest,
378 1373 673 1425 impossibilis,
708 1387 814 1425 quae
844 1387 926 1413 non
962 1380 1115 1426 potest:
1153 1387 1332 1425 quarum
1364 1388 1416 1414 ex
1455 1383 1609 1416 euentu

126 1430 151 1466 ἱ)
177 1430 307 1470 altera
331 1437 598 1482 expectatur,
625 1431 755 1470 altera
783 1430 1078 1483 [impossibilis]
1115 1431 1402 1471 submouetur.
1458 1433 1610 1472 Condi-

177 1487 316 1526 ciones
337 1493 478 1526 contra
502 1487 614 1539 leges
631 1494 670 1526 et
693 1487 861 1527 decreta
881 1488 1118 1540 principum
1141 1489 1208 1527 uel
1231 1488 1359 1528 bonos
1382 1502 1514 1529 mores
1535 1490 1610 1529 ad-

176 1545 355 1595 scriptae
385 1544 540 1583 nullius
569 1551 664 1583 sunt
687 1545 906 1583 momenti:
938 1545 1070 1584 ueluti
1103 1557 1134 1583 Sl
1157 1558 1305 1585 vxonmu
1331 1559 1410 1585 NON
1431 1559 1604 1597 nvxems,

175 1614 209 1639 SI
232 1613 358 1640 F1L10s
380 1614 459 1641 NON
476 1613 710 1650 SVSCEPERIS,
738 1614 770 1640 SI
792 1614 1025 1641 nommmvm
1045 1614 1208 1651 FECEMS,
1238 1615 1449 1642 suanum
1471 1617 1610 1643 imum*

124 1659 146 1696 3
175 1670 418 1697 Pnocnssmts
441 1664 481 1697 et
502 1658 568 1697 his
590 1659 753 1697 similia.
808 1659 1006 1704 Quotiens
1028 1671 1109 1698 non
1132 1666 1327 1711 apparet,
1363 1662 1434 1711 qui
1458 1662 1511 1699 sit
1535 1661 1608 1700 he-

175 1727 241 1754 res
272 1716 512 1764 institutus,
552 1716 756 1754 institutio
779 1728 861 1754 non
882 1716 1015 1755 ualet:
1051 1715 1164 1767 quod
1188 1718 1351 1765 euenit,
1380 1718 1413 1755 si
1437 1723 1608 1757 testator

126 1773 147 1810 4
174 1772 317 1823 plures
348 1772 498 1811 amicos
529 1772 656 1811 unius
685 1773 865 1811 nominis
896 1772 1061 1812 habeat.
1117 1773 1300 1812 Heredes
1328 1780 1397 1813 aut
1427 1775 1604 1813 instituti

174 1835 244 1868 aut
273 1827 489 1869 substituti
511 1828 728 1879 dicuntur,
764 1830 945 1868 instituti
962 1830 1096 1881 primo
1119 1829 1271 1881 gradu,
1298 1830 1517 1870 substituti
1540 1845 1607 1870 se-

123 1886 147 1923 ὀ
174 1884 309 1925 eundo
331 1886 400 1925 uel
421 1886 543 1924 tertio
565 1886 726 1938 scripti.
764 1885 1028 1926 Substituere
1051 1887 1146 1938 quis
1164 1893 1204 1925 et
1223 1900 1327 1939 pure
1350 1895 1390 1926 et
1407 1887 1486 1927 sub
1507 1901 1607 1927 con-

173 1941 335 1982 dicione
367 1948 524 1994 potest,
560 1949 600 1982 et
620 1949 701 1982 tam
733 1944 820 1982 suis
843 1956 967 1994 quam
993 1944 1225 1994 extraneis,
1258 1951 1341 1983 tam
1373 1944 1606 1996 puberibus

123 2000 147 2037 6
172 2011 297 2050 quam
320 1998 626 2050 impuberibus.
677 2001 721 2039 In
743 2008 842 2051 quot
863 2001 955 2040 uult
975 2001 1118 2040 uncias
1139 2007 1309 2040 testator
1330 2001 1605 2041 hereditatem

171 2068 290 2095 suam
321 2055 513 2095 diuidere
549 2062 698 2108 potest.
761 2057 930 2108 impleto
960 2070 1050 2097 asse
1079 2058 1170 2096 sine
1192 2064 1311 2109 parte
1340 2058 1517 2098 heredes
1540 2061 1605 2098 in—

170 2113 304 2152 stituti
335 2112 385 2153 ad
410 2114 558 2164 prioris
581 2113 684 2153 assis
713 2115 930 2153 semissem
952 2115 1095 2165 aequis
1126 2114 1387 2166 portionibus
1408 2117 1598 2155 ueniunt.

185 2214 243 2221 <nx

496 2214 963 2222 mm11xxffixwv„wnfwxstsss
970 2216 1327 2223 ‹¹4x*«(⁷*<‘fo-*ae⁴fsts*wpr
1335 2217 1339 2220 -
1346 2217 1401 2224 ἢ»,
1410 2220 1415 2223 ,
1431 2218 1467 2223 «Ὣ-
1480 2218 1494 2224 2

263 2261 318 2297 ΑΛ,
340 2261 392 2291 44.
417 2261 455 2290 45
477 2273 517 2286 =
537 2259 614 2299 Diy.
634 2261 689 2297 22,
711 2262 742 2297 5,
766 2262 804 2291 45
859 2261 871 2300 ΙΙ
924 2262 979 2298 lm,
1003 2263 1041 2292 46
1062 2275 1102 2288 =
1124 2262 1199 2302 Di9.
1223 2263 1276 2299 28,
1300 2264 1329 2299 4,
1351 2265 1390 2293 30
1443 2262 1456 2302 {l
1511 2264 1560 2295 ΑΒ,
1585 2265 1601 2293 2

168 2313 274 2345 usque
291 2306 335 2337 ad
352 2314 385 2336 u.
407 2307 443 2336 24
468 2306 639 2336 momenti
658 2318 699 2332 =
723 2305 929 2337 Consultatio
949 2308 978 2341 4,
1001 2310 1018 2337 8

272 2384 342 2391 „xxj
358 2384 386 2391 »ρ
398 2384 567 2391 «κηκψκμκκρ-
580 2388 587 2390 ,
601 2383 885 2391 «ςκςΙψΝΧ-Ῐπ»»κῃ
898 2384 949 2391 «π»,
963 2384 1115 2392 tst‘wzxx«
1123 2385 1136 2392 κ.
1145 2385 1195 2392 «f»
1210 2386 1429 2393 ‘>'<*<2JN‘NJ*<NV*<N„K
1440 2386 1500 2393 ems«,

260 2443 278 2471 2
306 2440 454 2481 tantum]
474 2441 674 2472 testamenti
695 2440 845 2481 Savigsny
885 2441 897 2480 ΙΙ
938 2450 1067 2474 nocere
1085 2451 1155 2474 non
1174 2444 1220 2479 M,
1242 2444 1361 2474 noceri
1382 2443 1405 2474 L
1447 2442 1460 2482 ΙΙ
1501 2445 1517 2473 8
1542 2443 1598 2473 cui

172 2486 370 2526 sichardus,
392 2487 495 2518 cuius
512 2487 641 2518 codices
696 2486 709 2525 ll
763 2486 912 2517 adhibiti
931 2488 969 2525 L,
996 2487 1182 2519 adibitioni
1203 2489 1239 2519 M
1291 2489 1304 2528 11
1361 2490 1401 2519 45
1426 2488 1596 2519 rubricam

169 2541 214 2563 eoe
235 2531 385 2564 Consult.
408 2533 439 2570 4,
459 2534 476 2562 8
495 2533 728 2571 supplem'mus
782 2531 795 2571 Η
854 2534 892 2562 49
919 2533 1154 2574 impossibilis
1171 2535 1234 2565 del.
1261 2534 1418 2565 Cuiacc'us
1458 2533 1470 2572 ΙΙ
1511 2542 1599 2564 con—

170 2577 342 2617 diciones]
362 2579 465 2618 pacta
482 2577 540 2609 uel
558 2577 664 2609 cond.
689 2577 787 2609 Cons.
841 2577 854 2617 Η
907 2580 947 2608 20
975 2579 1018 2618 et]
1040 2579 1097 2611 uel
1119 2578 1216 2610 Cous.
1260 2578 1273 2618 ΙΙ
1313 2578 1512 2618 adscriptae
1531 2587 1594 2609 om.

173 2622 273 2654 Cous.
323 2622 336 2662 ΙΙ
385 2625 424 2653 22
452 2623 480 2654 si
500 2622 602 2663 laru.]
622 2625 680 2654 aut
700 2623 789 2654 laru.
810 2624 938 2654 codices
985 2624 998 2664 ΙΙ
1048 2626 1085 2654 23
1114 2625 1173 2664 qui
1193 2624 1229 2659 L,
1250 2624 1393 2664 quidem
1412 2623 1498 2664 quid
1519 2624 1551 2654 M
1586 2622 1598 2665 Η

170 2669 211 2698 96
239 2668 387 2699 instituti
404 2677 438 2709 p.
459 2676 489 2708 g.
511 2667 692 2699 substituti
710 2669 804 2703 dett„
833 2669 1036 2700 instituetur
1061 2678 1095 2710 p.
1115 2678 1145 2709 g.
1167 2669 1402 2700 substituetur
1421 2669 1467 2708 M,
1496 2670 1599 2700 insti-

169 2713 279 2744 tuitur
296 2722 329 2753 p.
347 2722 377 2753 g.
399 2712 652 2745 substituhitur
670 2714 693 2744 L
741 2714 754 2752 11
803 2716 837 2744 34
861 2715 950 2745 assis
969 2715 1062 2751 dett,
1083 2723 1160 2746 asse
1180 2715 1241 2745 ML

1275 2769 1325 2799 6*

1642 839 1679 866 40

1641 1191 1678 1219 45

1636 1499 1674 1526 ΞΟ

1631 1782 1671 1810 25

1633 2067 1670 2094 30
