1942 3081
723 113 834 119 ——
898 91 974 129 103
1034 114 1144 119 —
1360 92 1648 125 1‘au1,1v.9.40

221 228 308 255 sum
340 215 501 266 aliquid
531 223 601 254 aut
633 215 910 267 prodigiosum
942 217 1062 254 enixa
1096 216 1169 264 sit,
1212 216 1312 253 nihil
1344 217 1526 266 prolicit:
1568 229 1647 255 non

219 279 315 311 sunt
337 274 447 311 enim
469 272 605 320 liberi,
633 273 703 324 qui
727 279 867 310 contra
886 272 1056 311 sormam
1080 272 1248 311 humani
1267 274 1433 323 generis
1454 286 1650 312 conuerso

170 329 191 366 4
219 341 337 367 more
367 335 655 381 procreantur.
718 329 904 378 Partum,
945 329 1018 380 qui
1055 328 1337 367 membrorum
1374 329 1647 367 humanorum

219 385 350 425 officia
373 385 618 437 duplicauit,
644 386 741 437 quia
770 385 845 424 hoc
866 386 1024 424 ratione
1046 386 1310 436 aliquatenus
1330 385 1500 424 uidetur
1525 387 1650 424 effec-

169 441 190 479 5
218 449 328 492 tum,
362 444 483 482 matri
514 442 709 494 prodesse
740 442 909 494 placuit.
983 443 1169 494 Septimo
1200 454 1341 481 mense
1375 448 1496 481 natus
1529 444 1647 481 matri

174 551 178 552 V
219 499 410 552 prodest:
444 500 547 539 ratio
579 500 689 538 enim
713 499 985 551 pythagoraei
1002 499 1167 538 numeri
1200 499 1276 538 hoc
1306 497 1477 537 uidetur
1499 498 1651 538 admit-

219 564 319 606 tere,
347 563 390 595 ut
411 563 482 596 aut
503 556 679 608 septimo
701 556 824 607 pleno
845 562 916 596 aut
938 555 1100 596 decimo
1121 568 1264 595 mense
1287 562 1430 607 partus
1452 557 1652 594 maturior

169 614 191 650 6
217 613 428 653 uideatur.
490 612 674 652 Aborsus
702 620 742 652 et
780 613 951 653 abactus
986 620 1136 653 uenter
1167 619 1332 664 partum
1364 611 1531 652 efficere
1568 625 1649 650 non

169 670 191 708 7
218 670 400 710 uidetur.
464 670 676 709 Libertina
698 677 743 709 ut
765 671 828 710 ius
851 670 1079 710 liberorum
1102 671 1300 721 consequi
1322 671 1474 721 possit,
1503 677 1651 720 quater

167 727 190 764 8
218 740 307 767 eam
329 728 544 779 peperisse
565 733 611 766 ut
632 728 857 779 ingenuam
877 727 1045 767 sufficit.
1095 728 1237 766 Latina
1260 728 1439 778 ingenua
1462 727 1526 765 ius
1548 726 1650 772 Qui-

217 785 360 824 ritium
390 790 611 824 consecuta
642 785 675 823 si
708 791 772 823 ter
792 785 980 836 peperit,
1014 784 1067 824 ad
1087 785 1315 836 legitimam
1345 783 1417 822 filii
1439 782 1652 823 heredita-

168 842 189 878 9
216 848 298 880 tem
321 840 574 882 admittitur:
602 854 683 880 non
706 848 768 880 est
790 843 899 881 enim
923 842 1191 881 manumissa.
1226 842 1294 880 Ius
1314 840 1542 880 liberorum
1564 853 1652 879 ma—

216 905 281 937 ter
308 898 455 950 habet,
497 911 602 950 quae
633 905 719 938 tres
751 898 855 937 filios
883 905 953 938 aut
984 898 1109 938 habet
1140 906 1208 938 aut
1238 897 1381 937 habuit
1413 903 1485 937 aut
1513 910 1650 949 neque

215 955 338 995 habet
359 968 496 1007 neque
518 955 678 995 habuit.
718 955 859 1001 habet,
884 956 950 995 cui
972 962 1220 1007 supersunt:
1248 954 1393 994 habuit
1416 967 1524 1006 quae
1547 955 1651 994 ami—

216 1014 291 1052 sit:
326 1025 464 1064 neque
486 1012 609 1052 habet
632 1025 769 1064 neque
792 1012 961 1064 habuit,
997 1025 1104 1064 quae
1126 1012 1330 1052 beneficio
1362 1012 1564 1063 principis
1587 1012 1650 1050 ius

141 1068 187 1105 *10
215 1069 444 1108 liberorum
476 1077 695 1109 consecuta
725 1076 800 1108 est.
864 1070 1018 1109 *Mater
1044 1083 1121 1121 per
1150 1069 1317 1108 fratrem
1350 1068 1588 1108 excluditur
1610 1075 1650 1106 et

215 1126 281 1165 *in
305 1127 565 1166 successione
587 1126 715 1166 frater
736 1139 829 1165 cum
852 1139 989 1166 sorore
1011 1139 1146 1178 aequa
1166 1133 1275 1165 sorte
1299 1124 1500 1165 succedit.
1540 1123 1652 1176 quod

215 1184 273 1222 *si
295 1183 422 1222 frater
443 1183 647 1233 defuerit,
674 1189 806 1223 mater
827 1190 865 1222 et
889 1183 1021 1234 filiae,
1049 1189 1228 1235 quantae
1250 1182 1430 1232 fuerint,
1456 1182 1653 1233 aequales

217 1241 408 1292 *capiunt
427 1240 680 1292 portionesss*

908 1387 956 1440 [x]

168 1467 180 1504 l
327 1467 442 1507 *Filii
471 1467 598 1520 uulgo
635 1468 812 1519 quaesiti
844 1466 896 1506 ad
926 1467 1153 1519 legitimam
1190 1467 1335 1506 matris
1373 1465 1650 1505 hereditatem

214 1525 451 1577 *adspirare
472 1538 555 1563 non
575 1524 870 1577 prohibentur,
896 1525 995 1576 quia
1015 1525 1104 1576 pari
1128 1525 1242 1573 iure,
1268 1529 1311 1563 ut
1332 1524 1515 1575 ipsorum
1536 1522 1652 1561 here-

214 1582 382 1622 *de'tates
413 1581 639 1631 matribus,
674 1583 730 1621 ita
752 1582 854 1633 ipsis
884 1588 1063 1620 matrum
1086 1579 1240 1620 deferri
1271 1580 1524 1620 debuerunt.
1586 1578 1651 1618 Ad

216 1639 365 1678 *filiam
398 1639 590 1679 ancillam
619 1639 700 1687 uel,
719 1638 913 1677 libertam
937 1651 989 1677 ex
1018 1644 1186 1677 senatus
1218 1638 1402 1677 consulto
1425 1636 1650 1676 Claudiano

214 1696 427 1736 *effectam
457 1696 642 1748 legitima
665 1696 808 1735 matris
830 1696 1050 1734 intestatae
1082 1694 1293 1734 hereditas
1323 1695 1536 1746 pertinere
1568 1706 1649 1732 non

214 1756 394 1805 *potest,
432 1754 528 1804 quia
558 1765 698 1805 neque
720 1753 831 1792 serui
853 1764 990 1803 neque
1012 1751 1152 1791 liberti
1180 1758 1355 1791 matrem
1387 1751 1553 1790 ciuilem
1576 1751 1651 1789 ha-

166 1810 187 1847 3
214 1810 339 1850 *here
371 1810 686 1862 intelleguntur.
748 1809 811 1848 Ad
840 1810 1066 1860 legitimam
1103 1810 1323 1848 intestatae
1354 1809 1498 1848 matris
1527 1808 1651 1846 here-

214 1866 408 1907 *ditatem
438 1867 512 1905 filii
544 1868 658 1906 ciues
685 1867 882 1916 Romani,
923 1879 1006 1905 non
1037 1866 1161 1905 etiam
1191 1866 1323 1905 Latini
1353 1865 1647 1905 admittuntur.

214 1925 351 1964 *ciues
382 1931 521 1963 autem
541 1925 744 1963 Romanos
777 1937 822 1963 eo
844 1930 1031 1975 tempore
1064 1935 1154 1962 esse
1177 1928 1358 1975 oportet,
1393 1935 1474 1974 quo
1496 1922 1556 1960 eis
1577 1921 1652 1960 de-

166 1582 188 1619 N>

431 2049 444 2055 s
454 2049 487 2055 VJ
498 2048 591 2055 »squ—,-
602 2048 695 2056 ›JUNJJ
711 2048 715 2049 ν
724 2048 759 2055 s.»
769 2051 771 2053 .
782 2048 806 2053 ,Α
821 2048 872 2055 „JV
884 2050 890 2054 ,
899 2049 947 2054 χχ,
958 2048 1093 2055 &AJUU-‚ssss

309 2120 340 2156 9,
362 2119 392 2149 3.
415 2119 430 2147 4
452 2130 492 2143 =
517 2117 589 2157 Περ.
613 2119 643 2154 ι1,
663 2119 695 2155 5,
720 2118 758 2147 44
815 2116 828 2156 11
885 2119 917 2155 9,
941 2119 978 2147 40
1007 2129 1047 2143 =
1075 2117 1147 2148 Leoe
1173 2117 1266 2148 Rom.
1288 2116 1466 2156 Rurqund.
1487 2117 1542 2154 28,
1564 2117 1594 2147 2.
1616 2117 1648 2152 3,

217 2172 302 2203 quae
327 2167 439 2194 lamen
464 2171 529 2193 non
554 2164 629 2201 ipsa
654 2163 754 2193 Pauli
779 2162 883 2193 uerba
899 2186 906 2199 ,
933 2163 991 2193 sed
1015 2165 1255 2203 aryumentum
1279 2163 1466 2193 sententiae
1488 2161 1594 2201 refert
1639 2160 1650 2200 Η

219 2212 271 2248 40,
298 2211 377 2239 1-3
397 2221 438 2235 =
456 2208 634 2248 Appendiae
654 2210 684 2247 l,
706 2209 836 2238 47—49

216 2310 595 2318 amnsommffm—,vxsxss'
608 2309 728 2317 »»,«Ῑ»>,ΛΛ
745 2312 765 2316 ,t
782 2311 786 2315 »
802 2310 833 2317 »α
850 2314 858 2315 7
870 2310 886 2315 a
953 2309 1065 2316 trt«›,2>r.
1083 2313 1086 2316 .
1125 2310 1235 2317 *ms—⁴00»
1253 2310 1270 2316 „s
1296 2310 1321 2316 ,μ
1348 2309 1453 2316 favvo&
1469 2308 1495 2315 μ,
1511 2312 1514 2314 .
1532 2311 1536 2314 t

312 2391 327 2420 '⁴
353 2390 422 2421 hoc
439 2390 486 2424 M.
507 2389 573 2420 hec
590 2390 614 2420 L
662 2388 675 2429 ΙΙ
725 2390 742 2419 6
767 2389 983 2430 pythagorae
1001 2390 1128 2421 codices
1175 2388 1188 2428 11
1238 2391 1255 2419 9
1282 2387 1459 2427 libertina]
1484 2386 1649 2418 libertina

217 2436 341 2468 Latina
359 2436 513 2467 Huschke
551 2434 565 2475 ΙΙ
607 2437 646 2465 40
665 2436 704 2465 ut
721 2435 911 2475 ingenuam
928 2435 991 2466 del.
1013 2434 1172 2466 Cuiacius
1204 2434 1217 2474 l}
1250 2433 1379 2465 sufficit
1396 2434 1490 2469 dett„
1511 2431 1650 2463 suffecit

218 2482 266 2518 M,
285 2479 437 2513 sufficiet
453 2481 479 2513 L
511 2480 525 2521 ΙΙ
564 2482 602 2511 47
623 2479 821 2512 succedunt
838 2481 966 2511 codices
982 2481 1082 2520 Leyis
1100 2481 1192 2512 Rom.
1215 2480 1320 2519 Bury.
1364 2479 1376 2518 ΙΙ
1418 2480 1457 2508 20
1475 2478 1651 2508 rubricam

218 2527 262 2559 de
280 2527 527 2558 intestatorum
544 2525 804 2558 hereditatibus
831 2526 881 2563 (=
901 2527 951 2557 tit.
972 2526 1002 2566 8)
1032 2527 1113 2558 citat
1128 2525 1326 2564 Appendioe:
1357 2523 1514 2555 Cuiacius
1531 2523 1648 2554 rubri-

218 2581 294 2603 cam
309 2572 354 2604 ad
371 2575 517 2604 senatus
533 2571 736 2603 consultum
755 2570 964 2602 Orfitianum
982 2572 1138 2603 restituit
1176 2570 1189 2609 ΙΙ
1231 2572 1272 2600 22
1289 2572 1328 2600 ut
1350 2569 1520 2606 Ouiae-ius,
1541 2569 1574 2599 in
1595 2568 1650 2599 uel

217 2617 253 2649 hi
270 2617 309 2649 ut
325 2618 453 2650 codices
491 2617 505 2657 ll
543 2617 759 2649 hereditates
777 2625 841 2648 om.
863 2618 989 2648 codices

1677 451 1693 479 5

1682 734 1716 761 10

1679 1019 1716 1047 ’15

1678 1700 1718 1729 25
