1942 3081
699 154 812 160 —
877 133 951 172 137
1012 156 1124 162 —-
1315 135 1624 171 Pau1.v,35—37

423 255 531 308 [XXXV
592 269 638 294 DE
671 268 885 296 REDDENDIS
917 270 1046 296 CAVSIS
1077 260 1398 310 APPELLATvaffl

148 333 162 371 t
309 335 502 374 Meritum
522 336 813 387 appellationis
835 348 982 375 causae
1000 337 1187 388 capitalis
1210 344 1247 375 et
1274 339 1402 389 ipsam
1427 340 1625 377 rationem

195 397 327 430 status
357 404 437 431 non
469 393 550 431 nisi
582 405 658 444 per
679 398 840 431 nosmet
879 393 990 444 ipsos
1012 395 1203 444 prosequi
1225 406 1467 445 possumus:
1507 408 1625 434 nemo

145 447 169 485 2
196 449 304 487 enim
327 448 478 488 absens
500 456 572 488 aut
593 448 689 488 duci
714 450 754 487 in
776 450 1021 489 seruitutem
1043 456 1177 501 potest
1199 458 1268 489 aut
1289 450 1491 491 damnari.
1544 453 1628 490 Mo-

197 506 365 544 ratorias
385 505 684 558 appellationes
706 512 746 545 et
769 519 852 555 eas,
879 519 985 558 quae
1009 506 1061 546 ab
1080 507 1394 546 exsecutoribus
1412 514 1451 547 et
1468 508 1628 548 contes-
1654 519 1660 543 ἑ

144 560 166 599 3
195 563 252 601 sis
274 562 391 612 fiunt,
418 563 547 614 recipi
570 575 651 601 non
674 563 842 615 placuit.
906 564 1009 602 Eum
1034 565 1105 616 qui
1126 565 1308 616 appellat
1329 577 1421 604 cum
1443 566 1626 604 conuicio

196 619 327 671 ipsius
348 618 495 659 iudicis
524 621 734 672 appellare
765 633 846 659 non
869 627 1051 672 oportet:
1089 620 1267 673 ideoque
1300 623 1354 661 ita
1378 620 1529 661 factum
1561 634 1627 661 ar-

194 674 316 715 bitrio
338 676 540 728 principis
561 676 812 717 uindicatur.

321 802 449 852 [xxxvt
509 814 602 841 POST
634 815 956 842 PROVOCATIONEM
987 815 1078 849 QVID
1110 815 1387 842 OBSERVANDVM
1418 805 1500 855 EST]

145 879 160 917 4
307 881 505 928 Quotiens
532 894 744 933 possessor
763 882 958 934 appellat7
994 881 1151 921 fructus
1182 881 1310 920 medii
1333 884 1529 935 temporis
1551 883 1626 922 de—

195 938 291 989 poni
329 939 539 978 conuenit.
604 937 714 990 quod
746 940 779 978 si
812 940 966 990 petitor
997 945 1212 990 prouocet,
1254 938 1411 979 fruetus
1441 941 1481 979 in
1505 953 1624 980 causa

194 993 374 1047 depositi
403 1008 493 1034 esse
516 1008 597 1035 non
621 1001 794 1048 possunt
826 1008 903 1034 nec
924 1002 1034 1035 recte
1056 1008 1198 1035 eorum
1229 997 1395 1035 nomine
1417 997 1625 1036 satisdatio

143 1050 166 1089 2
192 1052 439 1103 postulatur.
503 1053 543 1091 Si
575 1059 745 1104 propter
765 1052 934 1104 praedia
964 1052 1124 1092 urbana
1154 1053 1224 1092 uel
1247 1054 1449 1105 mancipia
1481 1055 1628 1106 appel—

193 1109 323 1159 letur,
357 1109 581 1161 pensiones
603 1122 747 1149 eorum
768 1110 837 1148 uel
859 1108 1096 1158 mercedes,
1121 1116 1317 1149 uecturae
1342 1111 1489 1162 etiam,
1517 1112 1551 1150 si
1573 1111 1625 1151 de

191 1166 287 1206 naui
310 1172 469 1218 agatur,
498 1166 648 1219 deponi
671 1166 818 1205 solent.

512 1291 653 1342 [xxxvu
712 1304 760 1329 DE
791 1303 942 1330 suimus
973 1290 1300 1343 ΑΡΡΕιιΑΤιοΝνΜ]

304 1369 549 1410 Omnimodo
571 1370 809 1422 ponendum
830 1376 907 1419 est,
933 1378 991 1420 ut,
1018 1371 1210 1422 quotiens
1232 1371 1384 1410 iniusta
1405 1373 1625 1424 appellatio

190 1428 496 1478 pronuntiatur,
523 1434 727 1480 sumptus⁷
755 1440 858 1479 quos
881 1427 979 1466 dum
997 1433 1247 1479 sequeretur
1268 1427 1530 1468 aduersarius
1547 1431 1627 1468 im-

191 1483 352 1536 pendit,
380 1483 555 1523 reddere
577 1491 758 1536 cogatur,
786 1497 868 1523 non
890 1484 1072 1536 simplos,
1099 1483 1175 1523 sed
1195 1484 1464 1537 quadruplos.

285 1667 323 1695 47
350 1666 570 1707 poniendum
590 1668 644 1698 uel
662 1667 884 1708 puniendum
902 1668 1030 1698 codices

1656 891 1693 919 40

1654 1176 1693 1204 45
