1966 3081
931 147 1327 185 —42-—

411 272 643 310 sententiae
673 272 765 310 aliis
787 271 930 311 uerbis
961 272 1073 324 apud
1099 273 1366 324 wisigothos,
1401 273 1492 312 aliis
1522 273 1562 311 in
1584 273 1763 324 Digestis
1785 274 1847 314 le—

412 335 583 379 guntur,
609 343 630 367 a
654 329 895 380 Wisigothis
918 330 1129 369 mutilatae
1152 343 1202 369 an
1235 329 1286 369 ab
1309 330 1549 369 Iustinianis
1571 329 1845 382 amplificatae

411 386 516 425 sint:
554 386 652 425 item
675 398 696 425 e
719 387 923 425 contrario
945 386 1121 426 dubium
1144 394 1218 437 est,
1248 389 1285 437 4,
1312 389 1351 437 9,
1377 387 1417 425 3.
1445 388 1465 425 4
1490 394 1629 426 utrum
1651 386 1703 426 ab
1724 387 1848 427 Iusti-

412 443 547 482 nianis
570 443 612 482 in
634 442 764 483 breue
797 451 1029 483 contractae
1053 457 1105 483 an
1126 456 1146 482 a
1170 444 1414 496 wisigothis
1438 444 1505 483 uel
1536 443 1588 483 ab
1610 445 1845 495 antiquiore

411 500 547 551 aliquo
580 501 830 552 interprete,
863 514 986 552 quem
1021 502 1085 540 isti
1112 502 1232 540 Paulo
1263 514 1400 541 errore
1433 514 1505 540 suo
1534 500 1843 552 substituerint,

411 557 604 597 dilatatae
634 559 731 596 sint.
777 558 878 609 quin
910 559 1033 597 etiam
1066 559 1397 610 interpolationis
1426 558 1561 597 labem
1586 558 1735 598 Paulus
1758 559 1846 597 Wi-

411 615 666 665 sigothorum
691 615 731 653 in
758 615 793 662 1,
824 615 887 664 19,
924 616 931 652 1
963 628 1009 654 eo
1031 616 1257 665 contraxit,
1284 615 1395 667 quod
1417 617 1521 655 actio
1543 614 1594 655 de
1618 615 1737 655 modo
1758 617 1845 667 agri

411 673 469 710 eis
499 671 732 711 actionibus
769 671 1041 710 adnumerata
1074 680 1156 722 est,
1204 684 1311 723 quae
1348 672 1562 712 infitiando
1593 674 1635 712 in
1673 672 1845 724 duplum

412 736 629 768 crescunt:
664 729 745 767 nisi
776 727 880 768 forte
904 729 969 767 hic
1001 741 1116 768 error
1145 729 1305 768 dudum
1336 736 1430 768 ante
1453 731 1601 781 Legem
1623 731 1844 769 Romanam

411 786 555 836 Wisig.
584 792 824 839 conceptam
841 793 962 825 natus
984 793 1023 824 et
1046 786 1087 824 in
1112 786 1216 825 hanc
1240 787 1370 837 legem
1395 799 1446 825 ex
1468 800 1514 826 eo
1538 787 1727 838 exemplo
1750 800 1848 838 pro-

411 850 584 894 pagatus
614 855 703 881 esse
735 842 975 892 uidebitur,
1012 842 1123 894 quod
1154 844 1370 891 wisigothi
1403 851 1719 895 excerpserunt.
1773 844 1848 883 hoe

412 901 554 951 utique
585 899 703 938 inodo
741 899 1035 951 explicandum
1067 912 1157 939 esse
1182 907 1303 952 puto,
1341 900 1451 951 quod
1474 914 1566 939 cum
1597 901 1676 939 alia
1697 908 1737 939 et
1767 902 1848 940 mi-

411 969 508 996 nora
541 956 783 1008 glossemata
815 960 864 1006 [u.
892 970 929 1008 g.
957 958 994 1007 Ξ),
1029 957 1089 1006 17,
1119 957 1177 1008 7),
1203 964 1289 996 tum
1313 957 1440 996 semel
1465 959 1501 1007 Ξ,
1530 957 1597 1008 31,
1630 958 1677 997 12
1704 959 1847 1010 spuria

410 1015 617 1053 sententia
641 1014 681 1052 in
706 1015 855 1065 Legem
877 1015 1101 1053 Romanam
1125 1015 1403 1066 inrepserunt.

525 1072 725 1110 Incertior
742 1084 866 1122 quam
890 1072 1193 1110 sententiarum
1217 1078 1432 1111 contextus
1455 1070 1560 1111 fides
1582 1070 1846 1112 rubricarum

411 1135 494 1177 est,
531 1141 635 1179 quae
670 1136 709 1167 et
742 1129 783 1167 in
807 1130 911 1180 Lege
934 1129 1114 1167 Romana
1136 1129 1460 1180 wisigothorum
1493 1135 1635 1168 extant
1665 1136 1703 1168 et
1735 1128 1849 1180 apud

413 1186 592 1236 reliquos
614 1187 915 1224 sententiarum
938 1192 1126 1224 auctores
1147 1186 1325 1237 Digestis
1349 1192 1386 1224 et
1408 1187 1617 1225 Vaticanis
1638 1185 1849 1238 fragmen-

410 1243 460 1281 tis
475 1243 659 1294 cxceptis
671 1250 895 1282 occurrunt
909 1242 953 1295 ¹).
990 1255 1066 1281 nec
1083 1250 1221 1282 tamen
1239 1242 1471 1282 uerendum
1486 1249 1561 1294 est,
1578 1255 1629 1282 ne
1647 1242 1848 1282 librorum

413 1301 452 1338 in
484 1300 622 1338 titulos
645 1299 797 1339 diuisio
826 1313 908 1338 non
939 1299 992 1338 ab
1024 1300 1110 1351 ipso
1133 1300 1256 1339 Paulo
1285 1299 1468 1352 profecta
1500 1301 1574 1339 sit:
1611 1301 1734 1339 immo
1765 1301 1847 1339 tale

410 1370 534 1408 opus,
573 1358 613 1395 in
637 1370 717 1408 quo
740 1357 970 1396 secundum
995 1356 1117 1396 edicti
1141 1358 1334 1409 perpetui
1369 1357 1561 1396 ordinem
1582 1358 1686 1397 iuris
1707 1364 1847 1409 partes

412 1414 534 1465 uulgo
566 1427 608 1453 re
643 1415 730 1466 ipsa
762 1415 872 1453 inter
894 1427 937 1453 se
968 1427 1050 1453 non
1083 1427 1262 1453 conexae
1296 1415 1613 1464 continuantur,
1648 1427 1731 1453 non
1753 1421 1846 1466 apte

409 1471 498 1510 sine
517 1472 751 1522 conspicuis
767 1478 1106 1522 argumentorum
1125 1470 1335 1510 indicibus
1357 1471 1424 1510 edi
1440 1478 1600 1523 poterat
1625 1478 1665 1510 et
1687 1470 1847 1510 dudum

409 1536 491 1566 tam
516 1529 556 1566 in
588 1528 721 1567 edicto
746 1529 832 1580 ipso
855 1541 979 1580 quam
1002 1530 1043 1567 in
1067 1528 1190 1568 edicti
1224 1529 1532 1567 commentariis
1555 1527 1746 1568 rubricae
1768 1541 1848 1568 usu

412 1593 631 1624 uenerant.
686 1586 840 1625 atenim
873 1592 969 1625 sunt
998 1585 1213 1635 rubricae,
1254 1598 1360 1637 quae
1389 1586 1502 1637 apud
1529 1585 1630 1624 alios
1659 1592 1848 1625 auctores

409 1643 529 1681 aliter
560 1642 806 1693 traduntur,
841 1656 880 1682 u.
910 1656 947 1694 g.
977 1643 1020 1692 1,
1051 1643 1086 1681 1.
1117 1643 1151 1693 1,
1186 1644 1248 1681 10.
1283 1643 1313 1693 1,
1345 1642 1408 1681 15.
1440 1644 1482 1693 i,
1510 1643 1549 1680 8.
1577 1644 1615 1692 4,
1643 1644 1682 1681 9.
1709 1642 1844 1692 5,15.

410 1700 449 1748 5,
478 1700 543 1739 22.
562 1700 589 1749 2)
613 1714 619 1737 :
656 1700 759 1739 aliae
782 1699 834 1739 ad
857 1700 1042 1751 singulas
1063 1699 1238 1739 binasue
1260 1700 1487 1739 sententias
1515 1699 1711 1739 confictae
1733 1706 1844 1750 sunt,

410 1756 564 1807 quibus
587 1757 756 1796 Paulum
778 1758 969 1808 proprios
989 1757 1129 1796 titulos
1147 1770 1227 1795 non
1245 1757 1489 1808 praefixisse
1509 1756 1604 1796 inde
1621 1757 1844 1808 colligitur,

409 1813 520 1864 quod
557 1822 792 1865 sequuntur
828 1815 1061 1853 sententiae
1097 1814 1209 1853 nullo
1252 1814 1370 1853 titulo
1407 1813 1459 1852 ab
1494 1813 1577 1853 illis
1613 1820 1843 1865 separatae,

409 1883 515 1921 quac
539 1883 620 1909 non
652 1870 703 1909 ad
734 1869 945 1909 rubricam
977 1871 1058 1909 illis
1080 1870 1334 1922 praefixam,
1368 1870 1441 1910 sed
1464 1883 1544 1910 una
1568 1883 1660 1910 cum
1691 1870 1773 1909 illis
1795 1870 1847 1910 ad

409 1929 597 1979 proxime
626 1927 942 1966 antecedentem
975 1927 1185 1967 rubricam
1215 1927 1444 1979 quadrant,
1479 1941 1520 1967 11.
1548 1940 1585 1977 g.
1614 1929 1659 1978 9,
1697 1928 1770 1975 17,
1804 1929 1842 1966 4.

409 1986 448 2033 3,
477 1986 539 2034 41,
563 1986 600 2024 6.
624 1985 662 2023 8.
690 1986 728 2034 3,
758 1986 795 2034 6,
828 1985 891 2023 17.
918 1985 957 2035 5,
985 1986 1022 2033 6,
1050 1986 1088 2023 3.
1117 1985 1156 2030 5,
1185 1986 1250 2035 12,
1278 1985 1316 2023 5.
1345 1985 1474 2034 5,16.
1519 1985 1624 2024 aliae
1649 1997 1696 2024 eo
1717 1985 1848 2024 offen-

409 2042 527 2091 dunt,
554 2042 665 2093 quod
684 2054 729 2081 ea
753 2043 939 2089 materia,
967 2043 1031 2081 cui
1049 2043 1217 2094 propria
1241 2041 1407 2081 rubrica
1425 2041 1641 2093 adsignata
1663 2048 1739 2092 est,
1766 2042 1845 2081 iam

409 2100 607 2150 ampliore
638 2099 805 2138 rubrica
836 2112 942 2150 quae
971 2100 1195 2138 antecessit
1224 2099 1523 2150 comprehensa
1555 2105 1637 2148 est,
1663 2112 1707 2138 u.
1734 2111 1773 2150 g.
1805 2099 1842 2150 1,

412 2158 448 2194 2.
471 2157 509 2195 3.
538 2157 577 2205 ⁶2,
601 2157 639 2194 4.
666 2157 705 2195 5.
733 2157 771 2203 2,
795 2159 833 2195 6.
855 2157 902 2194 8:
930 2156 1032 2195 aliae
1050 2155 1235 2208 denique
1253 2169 1330 2207 per
1351 2169 1394 2195 se
1417 2155 1715 2208 improbabiles
1731 2162 1842 2206 sunt,

410 2214 525 2252 uelut
562 2215 596 2260 1.
628 2214 701 2252 131
732 2212 795 2264 (cf.
825 2214 868 2262 1,
901 2214 985 2263 1311,
1024 2214 1062 2264 2,
1093 2214 1158 2264 13,
1186 2215 1223 2251 6.
1252 2214 1291 2263 4,
1319 2214 1357 2252 4.
1407 2220 1532 2265 atque
1554 2218 1599 2252 111
1629 2213 1671 2251 111
1693 2213 1758 2251 his
1781 2213 1847 2251 in-

408 2271 699 2322 terpolationes
744 2271 1121 2322 supplementaque
1158 2271 1400 2322 posterioris
1431 2270 1578 2309 aetatis
1612 2281 1846 2320 agnoscun-

410 2337 499 2377 tur,
535 2329 586 2366 ita
619 2326 716 2366 alibi
751 2328 954 2379 genuinas
983 2327 1171 2367 rubricas
1203 2326 1467 2367 intercidisse
1495 2333 1686 2378 apparet,
1713 2327 1843 2365 ueluti

504 2543 523 2567 ¹1
554 2543 772 2575 Consultatio
800 2545 833 2574 in
861 2552 890 2575 c.
914 2546 929 2573 3
958 2543 1033 2574 solo
1064 2544 1195 2575 omissa
1226 2543 1369 2574 rubrica
1400 2551 1470 2574 non
1502 2543 1585 2573 citat
1615 2543 1682 2573 nisi
1712 2541 1844 2574 librum

409 2591 680 2621 sententiarum.

500 2635 512 2657 2
554 2636 622 2667 Lex
641 2636 740 2667 Rom.
763 2635 889 2674 Wisig.
911 2643 990 2666 cum
1020 2634 1166 2674 reliquis
1192 2633 1402 2665 auctoribus
1429 2633 1607 2665 consentit
1635 2634 1668 2664 in
1691 2632 1846 2665 rubricis

413 2684 492 2713 i.5.
522 2683 883 2719 1,16.1,15.Ξ,26.
