1942 3081
742 119 1167 156 -110-

265 277 609 317 FRAGMENTVM
632 276 942 316 REGVLARVM
971 277 1173 314 lNCEltTl
1195 276 1445 315 AVCTORIS
1470 278 1642 315 lx't‘lcti-

511 345 863 384 PRETAMENTIS
886 344 1122 382 DOSlTllEl
1146 345 1398 383 INSERTVM

411 440 611 476 Dositheus
643 439 820 484 magister
842 439 1192 483 Interpretamentis
1220 439 1310 473 artis
1331 440 1607 482 grammaticae.

296 507 411 542 quam
441 507 538 532 anno
572 499 647 533 207
683 497 908 541 composuit,
944 496 1194 540 fragmentum
1226 495 1373 530 iuridici
1405 497 1613 539 argumenti

297 554 469 596 inseruit,
504 563 580 598 quo
612 553 757 588 initium
790 553 874 589 libri
901 552 1097 587 cuiusdam
1121 552 1337 597 regularum
1360 552 1488 586 Latine
1510 562 1615 588 com-

296 611 407 655 positi
438 610 526 647 olim
556 610 733 645 effectum
764 610 880 646 fuisse
912 614 947 645 et
979 608 1098 644 uerba
1129 607 1190 655 §3
1224 609 1374 655 regulas
1405 611 1615 655 ear-sequenti

296 668 387 702 mihi
417 667 581 703 indicant
612 672 647 702 et
679 668 760 712 ipsa
791 668 918 712 operis
949 666 994 701 ad
1016 666 1120 711 quod
1143 666 1393 711 fragmentum
1415 666 1502 701 olim
1525 676 1615 710 per-

295 725 405 760 tinuit
426 724 573 759 indoles
595 724 758 759 suadere
779 724 948 759 uidetur.

412 781 615 817 Dositheus
635 782 764 817 Latino
786 781 1215 826 Interpretamentorum
1246 780 1437 816 contextui
1465 781 1614 815 uersic-

297 849 384 874 nem
405 839 587 874 Graecam
619 849 659 873 se
690 838 878 873 addidisse
910 842 1083 881 testatur,
1120 841 1234 882 atque
1264 837 1487 872 uniuersum
1518 846 1614 881 opus

296 896 462 931 Latinam
483 895 648 940 linguam
671 894 928 931 ediscentibus
950 894 1164 930 destinauit.
1217 898 1349 938 postea
1370 898 1496 928 autem
1519 893 1554 928 id
1578 894 1612 928 iu

298 962 409 988 usum
430 962 562 987 eorum
585 953 649 997 qui
672 952 817 988 Graece
839 952 1068 988 docerentur
1089 951 1247 986 cessisse
1270 961 1395 996 neque
1413 950 1614 986 Dosithea-

298 1020 432 1045 norum
454 1010 882 1054 lnterpretamentorum
913 1009 1174 1044 recensionem
1204 1008 1250 1043 ad
1282 1018 1352 1043 nos
1374 1008 1608 1053 peruenisse,

296 1066 365 1101 sed
395 1066 492 1101 hanc
523 1067 648 1112 operis
679 1070 826 1111 partem
857 1066 936 1100 fere
963 1076 1101 1101 nouam
1123 1065 1256 1099 faeiem
1277 1065 1443 1100 induisse
1467 1075 1510 1099 ex
1534 1065 1613 1109 ipsa

297 1124 724 1168 Interpretamentorum
759 1122 883 1168 qualia
920 1122 1122 1157 traduntur
1156 1121 1377 1157 condicione
1412 1125 1614 1156 cousenta-

298 1191 414 1215 neum
444 1184 514 1215 est.
569 1180 706 1215 menda
728 1180 827 1214 enim
850 1181 885 1214 in
906 1183 1070 1224 utroque
1107 1174 1157 1227 (id
1179 1183 1235 1213 est
1256 1179 1293 1213 in
1316 1179 1460 1214 Graeco
1483 1182 1519 1213 et
1541 1179 1614 1213 La-

297 1232 386 1285 tino)
424 1241 530 1272 textu
560 1237 673 1272 obuia
705 1237 803 1273 sacta
833 1237 1016 1282 pleraque
1046 1246 1121 1271 non
1152 1235 1237 1270 talia
1267 1239 1367 1279 sunt,
1404 1235 1527 1279 qualia
1550 1239 1611 1270 aut

294 1293 537 1330 librariorum
576 1294 748 1330 socordia
790 1298 854 1329 aut
893 1294 991 1329 male
1027 1293 1226 1329 doctorum
1261 1292 1613 1338 interpolationibus

294 1355 519 1395 nascuntur,
555 1351 621 1386 sed
655 1352 780 1395 potius
810 1361 1019 1396 puerorum
1040 1351 1231 1395 ingenium
1253 1349 1433 1395 produnt,
1471 1349 1535 1393 qui
1557 1349 1612 1383 al-

294 1409 414 1444 terius
444 1408 593 1453 linguae
616 1411 834 1444 contextum
856 1407 901 1442 ad
924 1407 1044 1443 uerba
1065 1407 1251 1442 uertendo
1272 1408 1321 1441 ita
1342 1407 1460 1441 altera
1481 1405 1612 1440 reddi-

295 1465 419 1500 derint
441 1470 478 1500 et
499 1466 767 1510 expresserint,
799 1468 840 1499 ut
862 1465 980 1509 ipsam
1001 1465 1127 1509 operis
1149 1463 1373 1499 sententiam
1394 1463 1610 1507 intellegere

295 1526 329 1557 et
352 1523 402 1557 ita
423 1527 463 1558 ut
484 1525 569 1568 apte
591 1522 755 1566 intellegi
776 1525 903 1568 posset
928 1525 1077 1556 uertere
1099 1521 1251 1555 minime
1274 1524 1464 1555 curarent.

409 1579 675 1624 Fragmentum
697 1579 784 1614 illud
809 1578 955 1613 iuridici
972 1578 1195 1623 argumenti,
1222 1577 1269 1612 de
1287 1587 1362 1621 quo
1380 1587 1495 1621 supra
1512 1576 1610 1611 dixi—

295 1646 393 1679 mus,
430 1635 504 1671 duo
537 1636 687 1672 codices
718 1637 755 1671 in
785 1635 1015 1672 bibliotheca
1048 1634 1410 1680 Lugduno-Bataua
1443 1637 1611 1668 extantes

293 1692 466 1728 tradunt:
493 1693 600 1736 alter,
631 1694 697 1738 qui
718 1703 919 1728 numerum
945 1695 992 1728 80
1019 1692 1102 1735 fert,
1130 1691 1284 1727 saeculo
1306 1691 1358 1725 IX
1380 1691 1441 1725 uel
1463 1691 1498 1724 X
1527 1686 1612 1737 (no-

294 1748 353 1784 bis
380 1745 444 1798 Γ),
480 1750 587 1793 alter,
624 1751 688 1795 qui
712 1747 887 1794 omittit§
916 1752 948 1793 1,
985 1759 1144 1785 numero
1169 1751 1210 1784 61
1241 1749 1396 1792 insignis
1425 1743 1545 1795 (nobis
1566 1748 1603 1782 S¹

294 1806 445 1853 Iosephi
476 1806 653 1851 Scaligeri
692 1817 806 1841 mauu
848 1807 1011 1851 scriptus
1042 1809 1112 1840 est.
1171 1805 1243 1841 hoc
1275 1809 1402 1839 autem
1434 1804 1611 1848 Scaligeri

293 1863 554 1909 apographum
585 1864 818 1910 descriptum
840 1868 895 1898 est
917 1868 981 1898 aut
1002 1873 1046 1898 ex
1070 1866 1150 1908 ipso
1174 1861 1317 1897 Claudii
1338 1862 1494 1896 Puteani
1515 1860 1611 1896 libro

294 1931 408 1956 manu
438 1922 593 1966 scripto5
636 1932 682 1955 ex
712 1931 789 1965 quo
821 1921 953 1956 Petrus
984 1919 1161 1955 Pithoeus
1193 1920 1363 1953 Latinum
1394 1922 1612 1954 contextum

293 1977 380 2013 iude
412 1976 516 2023 11ξὲ
542 1977 655 2013 edidit
673 1974 716 2026 ¹),
754 1982 815 2012 aut
850 1987 893 2012 ex
925 1977 1113 2012 simillimo
1126 1972 1175 2023 2).
1239 1975 1299 2010 hic.
1329 1976 1483 2010 Puteani
1517 1973 1613 2010 liber

294 2034 452 2069 fortasse
483 2034 583 2070 idem
615 2039 672 2070 est
702 2038 815 2079 atque
848 2034 968 2069 codex
998 2034 1216 2068 Parisiensis
1238 2033 1357 2068 Latin.
1385 2035 1490 2068 6503
1525 2042 1612 2066 sae-

293 2092 369 2126 culi
390 2091 425 2125 X
447 2091 507 2126 uel
529 2091 581 2126 XI
595 2087 621 2134 3)
665 2087 788 2140 (nobis
810 2087 866 2137 P),
904 2092 939 2126 in
971 2092 1079 2126 cuius
1110 2090 1197 2125 folio
1229 2090 1351 2134 primo
1372 2089 1508 2134 legitur
1530 2090 1605 2124 Iac.

292 2148 448 2184 Puteani
470 2148 522 2183 (Ἴ.
548 2148 602 2195 fil.
622 2159 630 2183 :
666 2148 768 2193 quod
799 2153 923 2182 tamen
949 2158 1016 2192 pro
1039 2153 1142 2182 certo
1165 2146 1353 2182 affirmare
1375 2156 1451 2182 non
1472 2146 1603 2182 ausim.

327 2280 346 2319 1)
379 2281 586 2321 Fragmenta
611 2280 787 2321 quaedam
815 2280 999 2320 Papiniani
1019 2280 1116 2311 Pauli
1135 2280 1276 2321 leiani
1295 2280 1369 2311 Gaii
1389 2278 1576 2310 Modestini
1595 2280 1662 2308 etc.

234 2336 278 2358 ex
295 2326 513 2358 bibliotheca
530 2327 566 2358 P.
589 2326 736 2357 Pithoei.
765 2326 922 2357 Lutetiae
942 2327 1025 2355 1573
1044 2334 1078 2366 p.
1100 2328 1112 2356 1
1129 2327 1162 2355 13
1179 2334 1255 2366 sqq.

325 2370 348 2412 2)
378 2371 644 2403 Dubitationem
670 2371 755 2402 mihi
774 2371 1001 2412 potissimum
1020 2371 1259 2411 discrepantia
1278 2372 1311 2402 in
1331 2369 1346 2411 ζ)
1367 2373 1404 2401 17
1426 2369 1531 2401 obuia
1551 2369 1662 2405 inicit,

233 2417 297 2500 {lbi
316 2419 352 2448 in
371 2417 396 2449 S
412 2417 541 2457 legitur
567 2427 678 2460 μεντοι
694 2413 862 2459 καθαρμω
880 2415 1035 2455 κτιζεταῑ,
1064 2416 1159 2458 apud
1178 2416 1361 2448 Pithoeum
1389 2413 1430 2457 ὂη
1447 2410 1665 2457 καθαρμωτι-

253 2473 332 2494 εται.

325 2506 348 2547 3)
379 2508 442 2541 His
466 2508 621 2540 saeculis
645 2516 727 2539 eum
753 2507 877 2538 tribuit
903 2508 957 2538 Fr.
979 2507 1091 2539 Haase
1117 2507 1212 2548 apud
1231 2506 1498 2545 Boeckingium,
1526 2504 1664 2544 leiani

235 2552 431 2593 fragmenta
449 2554 506 2586 ed.
528 2555 572 2585 lv
592 2554 730 2595 Lipsiae
750 2555 835 2584 4855
853 2562 888 2594 p.
912 2555 992 2584 458:
1024 2553 1157 2585 saeculi
1176 2553 1250 2583 Vlll
1270 2551 1326 2582 uel
1348 2550 1394 2581 IX
1420 2549 1573 2581 eundem
1601 2557 1664 2580 co-

235 2599 355 2630 dicem
380 2608 458 2631 esse
483 2599 562 2631 uult
585 2600 624 2632 A.
644 2599 853 2632 Boucherie.
880 2598 1027 2630 Notices
1053 2601 1085 2629 et
1112 2598 1255 2629 extraits
1276 2596 1339 2628 des
1358 2604 1442 2627 mss.
1462 2595 1506 2626 de
1524 2594 1554 2626 la
1574 2593 1660 2625 bibl.

236 2644 414 2676 nationale
429 2647 495 2677 etc.
516 2647 601 2676 tom.
621 2645 747 2677 XXIII.
776 2645 874 2675 Paris
894 2646 977 2675 4872
997 2653 1031 2685 p.
1051 2646 1126 2674 295.
