1942 3081
1314 117 1408 147 Paul.
1432 117 1471 153 ll,
1496 119 1544 146 12.
1569 119 1607 147 43

697 117 919 154 —65

179 245 294 279 *meo
315 239 501 292 deposita
525 240 702 291 pecunia
726 240 760 277 is
783 251 912 290 penes
935 251 1060 290 quem
1084 239 1268 290 deposita
1292 247 1355 278 est
1376 247 1538 287 utatur,
1566 248 1610 280 ut

181 298 245 335 *in
277 298 427 336 ceteris
448 297 579 335 bonae
603 296 698 335 fidei
730 294 895 334 iudiciis
925 308 1071 334 usuras
1094 297 1185 335 eius
1206 297 1373 335 nomine
1398 303 1609 347 praestare

130 355 152 391 6
178 353 304 392 *mihi
327 355 498 405 cogitur.
536 352 598 391 Ob
621 365 686 391 res
709 351 918 403 depositas
935 351 1054 391 dolus
1077 359 1235 391 tantum
1261 354 1463 403 praestari
1487 355 1604 393 solet.

111 412 154 448 6²
180 411 321 449 *Latae
342 411 486 461 culpae
510 410 603 448 finis
626 415 688 448 est
708 421 790 447 non
816 409 1060 460 intellegere
1083 408 1125 448 id
1147 409 1257 460 quod
1280 422 1422 448 omnes
1446 411 1609 449 intelle-

129 468 150 504 7
176 470 345 517 *guntoe*
402 468 446 505 In
478 465 630 505 iudicio
660 465 836 517 depositi
870 478 920 504 cx
951 478 1062 504 mora
1100 473 1140 504 et
1170 465 1328 505 fructus
1361 467 1538 505 ueniunt
1568 474 1608 505 et

127 525 150 567 8
176 536 328 562 usurae
351 523 409 562 rei
432 522 643 573 depositae
667 529 946 574 praestantur.
1000 523 1065 561 *Si
1090 523 1182 573 quis
1205 535 1292 561 rem
1317 535 1445 574 penes
1467 535 1510 561 se
1534 523 1609 562 de-

179 581 373 631 *positam
395 579 506 631 apud
528 580 652 618 alium
676 578 938 630 deposuerit,
964 587 1046 618 tam
1070 581 1156 631 ipse
1179 579 1400 629 directam,
1428 592 1548 630 quam
1576 581 1609 618 is

176 637 272 688 *qui
293 636 407 688 apud
429 649 522 675 eum
541 636 734 688 deposuit
756 636 897 675 utilem
921 637 1124 676 actionem
1148 636 1323 688 depositi
1341 636 1495 675 habere
1513 649 1608 688 pos-

128 695 149 731 9
174 696 310 732 *sunu
364 694 406 732 Si
430 694 648 745 pecuniam
671 693 901 745 deposuero
924 706 1047 746 eaque
1067 695 1126 733 ατί
1146 693 1222 732 tibi
1245 695 1488 745 permisero,
1516 706 1608 732 mu—

173 752 268 789 ·*tua
295 750 427 802 magis
456 750 627 790 uidetur
656 762 780 802 quam
809 750 1018 802 deposita,
1054 763 1101 789 ac
1130 763 1204 801 per
1225 751 1300 789 hoc
1327 751 1515 802 periculo
1539 757 1608 789 tuo

101 808 148 845 lO
174 809 291 846 *erin
355 808 398 846 Si
430 820 516 846 rem
546 807 658 859 apud
688 814 727 846 te
757 807 985 859 depositam
1015 807 1257 846 uendideris
1288 820 1463 859 eamque
1497 813 1609 859 post-

174 865 317 915 *quam
354 863 583 903 redemeris
622 863 882 916 perdideris,
935 865 1064 903 semel
1102 864 1281 904 admisso
1321 863 1412 903 dolo
1452 877 1608 916 perpe-

99 922 112 959 «1
128 922 140 958 Ἰ
174 923 267 960 *tua
289 920 466 973 depositi
488 922 648 960 actione
672 920 900 960 teneberis.
954 922 1015 960 Ex
1037 934 1158 961 causa
1182 921 1359 972 depositi
1391 921 1480 972 lege
1503 921 1608 960 duo—

176 977 333 1017 *decim
362 978 597 1017 tabularum
623 980 664 1017 in
686 978 859 1029 duplum
883 979 985 1017 actio
1009 978 1153 1026 datur⁷
1181 978 1315 1018 edicto
1337 979 1542 1029 praetoris
1566 979 1604 1016 in

98 1036 147 1073 4⁶2
177 1035 436 1086 *simplumff*
487 1036 531 1073 In
555 1047 676 1074 causa
711 1034 889 1086 depositi
920 1037 1247 1086 compensationi
1277 1036 1390 1074 locus
1421 1047 1502 1074 non
1526 1042 1601 1084 est,

173 1091 247 1131 sed
268 1105 335 1130 res
355 1094 444 1142 ipsa
467 1091 682 1131 reddenda
703 1100 779 1131 est.

838 1204 933 1257 [xm]

125 1285 138 1322 sl
283 1283 456 1324 Debitor
485 1284 694 1324 distractis
723 1284 887 1324 fiduciis
915 1297 937 1323 a
969 1284 1175 1323 creditore
1207 1284 1258 1324 de
1289 1284 1501 1335 superfluo
1533 1284 1608 1323 ad-

106 1343 147 1379 ›la
172 1353 320 1380 uersus
343 1354 438 1381 eum
470 1341 595 1381 habet
624 1343 842 1381 actionem.
895 1342 962 1381 *Si
992 1349 1130 1381 autem
1162 1341 1322 1380 tardius
1345 1341 1604 1392 superfluum

174 1398 386 1438 “restituat
407 1399 589 1438 creditor
612 1399 653 1438 id
675 1398 787 1450 quod
809 1398 921 1450 apud
944 1412 1037 1437 eum
1060 1398 1296 1450 depositum
1319 1405 1394 1447 est,
1421 1411 1472 1437 ex
1494 1411 1603 1436 mora

171 1456 321 1494 *etiam
348 1468 497 1495 usuras
526 1455 705 1495 debitori
737 1456 812 1494 hoc
842 1457 1010 1494 nomine
1041 1462 1252 1507 praestare
1284 1455 1494 1506 cogendus
1526 1462 1601 1494 est.

106 1509 147 1550 41>
170 1512 298 1551 *Cum
320 1512 485 1552 debitor
501 1514 677 1564 gratuita
696 1513 873 1564 pecunia
890 1519 1043 1562 utatur,
1072 1519 1203 1564 potest
1219 1511 1400 1551 creditor
1417 1511 1468 1550 de
1493 1511 1606 1550 fruc—

171 1568 307 1608 *tibus
330 1570 390 1608 rei
421 1569 502 1609 sibi
532 1571 773 1621 pigneratae
795 1569 847 1608 ad
869 1569 1034 1608 modum
1066 1570 1296 1620 legitimum
1328 1581 1476 1607 usuras
1498 1569 1604 1607 reti-

122 1627 144 1664 2
171 1627 342 1665 *nere*
391 1626 607 1678 Quidquid
637 1626 819 1666 creditor
841 1639 918 1678 per
950 1626 1212 1665 fiduciarium
1243 1639 1413 1665 seruum
1437 1626 1604 1676 quaesi-

121 1684 142 1721 3
170 1683 246 1733 uit,
273 1690 424 1722 sortem
443 1683 574 1722 debiti
598 1685 762 1722 minuit.
797 1682 967 1722 Debitor
988 1683 1183 1722 creditori
1204 1682 1392 1722 uendere
1410 1682 1602 1721 fiduciam

172 1752 253 1778 non
275 1747 433 1791 potest:
469 1740 544 1780 sed
566 1741 635 1779 alii
659 1742 692 1780 si
714 1741 817 1779 uelit
838 1739 1026 1779 uendere
1048 1747 1206 1792 potest,
1242 1740 1297 1778 ita
1326 1747 1371 1778 ut
1398 1752 1450 1778 ex
1471 1741 1603 1791 pretio

171 1796 358 1836 eiusdem
380 1798 600 1849 pecuniam
631 1798 775 1836 offerat
798 1797 1016 1847 creditori,
1050 1803 1175 1848 atque
1198 1798 1254 1835 ita
1281 1796 1604 1848 remancipatam

122 1857 141 1893 4
171 1853 250 1892 sibi
272 1867 360 1893 rem
382 1856 557 1905 emptori
578 1861 777 1906 praestet.
832 1855 873 1893 Si
896 1867 974 1906 per
995 1855 1250 1906 suppositam
1273 1866 1490 1905 personam
1514 1866 1606 1892 cre-

172 1909 282 1949 ditor
301 1911 454 1963 pignus
484 1924 604 1952 suum
628 1913 758 1950 inuito
780 1910 971 1950 debitore
993 1913 1320 1963 comparauerit,
1346 1911 1498 1960 emptio
1521 1923 1602 1948 non

174 1967 341 2007 uidetur
362 1975 402 2007 et
423 1968 516 2008 ideo
543 1968 794 2020 quandoque
816 1969 874 2008 lui
896 1974 1052 2020 potest:
1090 1981 1141 2007 ex
1161 1969 1236 2007 hoc
1262 1968 1373 2007 enim
1395 1980 1517 2006 causa
1537 1967 1604 2019 pi-

191 2071 195 2073 *
240 2068 409 2077 vvvaW
514 2067 1567 2077 v--rNNwwvuvuuumWV-wfv‘wwswsaevmoeaxsawws«J«avwvv«
1575 2067 1601 2075 a»

264 2128 317 2163 42,
337 2128 354 2156 6
375 2140 415 2153 =
440 2126 580 2159 Collatio
600 2129 653 2165 ιο,
674 2129 706 2165 7,
728 2128 746 2156 6
779 2126 792 2166 ιι
826 2129 879 2165 42,
902 2129 938 2157 62
956 2140 996 2153 =
1017 2126 1094 2167 Di9.
1116 2129 1170 2164 50,
1194 2128 1246 2163 46,
1268 2128 1330 2156 223
1366 2126 1378 2166 ιι
1420 2128 1470 2163 12,
1491 2128 1595 2156 7-ιι

172 2171 612 2211 =Colza1i040‚7,7—44
651 2172 664 2212 ιι
698 2172 1111 2212 43‚t³=Di9.43‚7‚7
1147 2172 1160 2212 ιι
1194 2169 1601 2212 43‚ib=1)2·9.20‚2‚8

332 2268 336 2269 ⁷
349 2262 515 2269 „Avesxxeexss
607 2268 610 2269 γ
647 2262 663 2269 x
708 2266 714 2269 e
730 2262 825 2269 sestula„
838 2262 925 2269 ⁷222ae
937 2262 1095 2270 *V*(*7>‚'1*‚‘,*7
1110 2262 1139 2269 ,χ
1152 2267 1159 2269 ‚
1174 2268 1181 2269 ἶ
1195 2262 1233 2269 72»
1261 2268 1264 2269 γ
1292 2262 1318 2269 2⁷

261 2321 279 2349 5
297 2321 331 2350 et
344 2318 493 2359 fructus]
514 2318 610 2357 Coit,
629 2317 766 2350 fructus
780 2320 908 2349 codices
939 2319 951 2358 ιι
987 2321 1004 2349 6
1023 2320 1248 2360 praestantur
1265 2318 1362 2354 Coll„
1378 2317 1604 2358 postulantur

169 2364 206 2402 L,
226 2364 452 2405 postulentur
466 2365 504 2395 M
533 2364 546 2404 ιι
581 2367 597 2394 7
617 2364 790 2405 direptam
806 2365 933 2395 codices
966 2365 978 2404 ιι
1013 2367 1030 2394 9
1049 2373 1160 2404 eaque
1174 2365 1225 2395 uti
1241 2364 1393 2400 Bluhme,
1414 2371 1491 2393 eam
1509 2363 1601 2393 hanc

168 2419 275 2450 quem
293 2410 366 2448 (em.
384 2412 419 2441 in
433 2416 512 2451 que)
536 2410 651 2448 Com),
668 2418 819 2450 eamque
836 2409 948 2440 Coll.w
966 2410 1069 2442 Coll.v
1097 2410 1110 2450 ιι
1138 2411 1338 2450 promisero
1358 2408 1468 2439 Coll.W
1484 2407 1599 2445 Cous,

170 2456 403 2487 commissero
432 2456 536 2487 Colm*
598 2456 611 2495 ιι
675 2457 709 2485 Μ
740 2457 928 2496 postquam
956 2455 1162 2495 redemeris]
1192 2454 1388 2486 redemeris
1412 2455 1601 2493 postquam

174 2501 288 2540 cour,
316 2501 450 2532 redem.
473 2510 548 2532 eam
571 2503 760 2542 postquam
791 2500 915 2539 Coll.w‚
944 2501 1080 2532 redem.
1101 2509 1249 2540 eamque
1269 2502 1457 2539 postquam
1484 2498 1599 2536 conv,

170 2546 303 2578 redem.
322 2549 401 2587 post
418 2555 497 2578 eam
519 2546 678 2578 Cuiacius
721 2546 734 2586 ιι
780 2549 951 2587 perpetua
975 2546 1090 2584 Confi,
1109 2548 1317 2587 perpetuam
1339 2543 1453 2576 Cozm’,
1473 2551 1602 2583 perpe—

111 2617 114 2619 *
170 2595 229 2623 tuo
252 2591 364 2624 (Ἱοῑῑ.νᾳ
416 2593 428 2631 ιι
484 2595 522 2622 17
551 2593 723 2623 rubricam
741 2592 785 2622 de
805 2592 879 2631 lege
899 2593 1157 2623 conimissoria.
1179 2599 1277 2629 quam
1297 2590 1424 2619 codices
1443 2590 1529 2619 inter
1547 2587 1562 2628 ξ
1583 2591 1600 2618 5

169 2641 199 2668 et
218 2639 235 2667 6
254 2639 418 2673 inserunt,
431 2637 515 2668 'huic
533 2639 603 2669 loco
620 2639 842 2668 restituerunt
859 2638 932 2668 edd.

1635 757 1673 785 40

1635 1042 1673 1070 45

1632 1405 1671 1433 20

1630 1688 1671 1716 25

1630 1975 1669 2002 30
