1942 3081
353 103 680 141 Paul.1v‚42-44
857 126 970 131 ---
1033 104 1111 142 10ss
1171 125 1284 131 ,-...-

352 228 589 268 libertatem
627 230 856 281 peruenire
886 230 1037 279 possit,
1083 228 1326 268 condicione
1366 226 1622 267 uenditionis
1653 229 1789 280 excipi

302 284 324 323 3
353 292 504 338 potest.
538 287 771 326 Tormentis
787 286 897 338 apud
915 285 1151 338 praesidem
1169 285 1384 325 subiectus
1406 284 1513 324 etde
1536 285 1650 324 nulla
1668 286 1788 338 culpa

304 342 325 380 4
354 342 571 383 confessus
600 343 653 382 ad
685 345 833 383 iustam
864 343 1101 382 libertatem
1132 342 1305 395 perduci
1339 348 1486 394 potest.
1558 341 1789 382 Fideicom-

354 402 479 440 missa
507 400 680 440 libertas
708 400 802 440 data
838 400 943 439 facto
974 400 1141 439 heredis
1171 413 1254 439 non
1293 406 1501 449 mutatur,
1536 401 1571 438 si
1601 412 1786 450 seruum,

303 456 327 494 5
355 470 480 509 quem
502 460 799 498 manumittere
822 458 961 497 iussus
983 464 1058 508 est,
1086 459 1285 497 uinxerit.
1332 457 1601 496 Communem
1623 469 1790 497 seruum

353 528 465 554 unus
487 528 538 554 ex
560 515 680 554 sociis
701 514 927 555 uinciendo
959 514 1122 554 futurae
1146 514 1327 553 libertati
1350 527 1432 553 non
1455 513 1646 553 nocebit:
1682 515 1793 553 inter

353 585 476 624 pares
498 573 611 611 enim
628 573 835 611 sententIa
854 572 1096 611 clementior
1111 572 1312 611 seueriori
1331 570 1589 623 praefertur:
1618 577 1660 611 et
1681 578 1792 611 certe

355 631 558 669 humanae
587 630 757 668 rationis
780 635 842 668 est
874 628 1014 668 fauere
1037 627 1341 679 miserioribus,
1382 641 1506 680 prope
1527 634 1569 667 et
1591 629 1794 668 innocen-

354 694 416 725 tes
439 686 602 737 dicere,
639 698 742 737 quos
766 685 954 725 absolute
977 692 1175 725 nocentes
1196 687 1468 737 pronuntiare
1495 698 1577 724 non
1600 692 1789 737 possunt.

306 743 328 779 6
354 743 524 782 Debitor
545 742 778 782 creditorue
801 756 971 782 seruum
1000 743 1189 794 pignoris
1210 742 1436 782 uinciendo
1463 742 1709 783 dediticium
1731 742 1794 782 fa-

355 813 450 839 cere
473 813 555 839 non
576 806 773 852 possunt:
799 801 905 839 alter
926 800 1036 839 enim
1059 801 1148 839 sine
1171 800 1300 838 altero
1323 812 1488 839 causam
1509 800 1697 851 pignoris
1718 799 1794 840 de-

305 856 327 895 7
355 859 551 896 teriorem
582 857 717 897 facere
747 870 830 896 non
859 863 1009 909 potest.
1073 858 1230 897 Seruus
1262 856 1405 896 furiosi
1434 857 1591 896 domini
1622 858 1692 897 uel
1713 870 1793 909 pu-

355 915 445 966 pilli
478 915 595 954 iussu
624 915 794 954 uinctus
823 914 1117 954 dediticiorum
1148 927 1322 953 numero
1343 927 1424 953 non
1455 913 1658 965 efficitur,
1695 916 1792 966 quia

305 972 328 1009 8
355 985 493 1023 neque
517 971 701 1012 furiosus
721 984 859 1023 neque
881 972 1069 1024 pupillus
1091 972 1223 1010 exacti
1247 972 1408 1010 consilii
1430 983 1560 1023 capax
1581 978 1657 1011 est.
1704 973 1792 1010 Non

354 1036 514 1068 tantum
537 1031 571 1069 si
594 1031 685 1081 ipse
707 1029 902 1069 dominus
922 1030 1091 1080 uinciat,
1119 1035 1240 1068 nocet
1261 1028 1459 1079 libertati,
1485 1028 1559 1068 sed
1580 1035 1622 1068 et
1641 1029 1677 1068 si
1697 1029 1795 1068 uin-

355 1088 432 1127 ciri
456 1086 598 1126 iubeat
627 1093 697 1126 aut
718 1087 944 1126 uincientis
974 1087 1255 1138 procuratoris
1277 1086 1480 1125 actorisue
1506 1086 1659 1125 factum
1681 1098 1795 1125 com-

354 1143 519 1196 probet.
573 1143 685 1195 quod
715 1144 773 1194 si,
809 1150 1033 1195 antequam
1064 1144 1190 1182 sciret
1210 1144 1423 1194 uinctum,
1458 1143 1674 1182 solutionis
1703 1143 1794 1183 eius

356 1214 501 1240 causas
521 1200 839 1253 approbauerit,
871 1200 1055 1240 libertati
1078 1200 1242 1240 futurae
1264 1201 1431 1240 uincula
1462 1213 1543 1239 non
1565 1199 1790 1240 nocebunt.

306 1259 328 1296 9
357 1259 484 1298 Caeco
514 1265 677 1298 curator
698 1257 788 1297 dari
817 1271 899 1297 non
930 1264 1090 1310 potest,
1123 1259 1220 1309 quia
1252 1258 1340 1309 ipse
1372 1257 1452 1297 sibi
1481 1264 1793 1309 procuratorem

351 1316 574 1355 instituere
595 1322 745 1367 potest.

653 1440 734 1493 [xm
793 1453 841 1479 DE
873 1452 1177 1479 mecomnssis
1209 1439 1488 1492 immunius]

309 1521 322 1558 l
470 1522 527 1560 Ea
549 1520 793 1561 condicione
816 1520 939 1559 heres
968 1520 1183 1559 institutus
1215 1532 1249 1559 sr
1271 1532 1431 1559 nmmos
1462 1532 1550 1559 svos
1580 1533 1795 1560 EMANCIPA-

355 1591 467 1618 vanu·
509 1577 742 1618 omnimodo
773 1590 842 1617 eos
873 1578 1136 1629 emancipare
1166 1576 1377 1628 cogendus
1407 1583 1492 1616 est:
1536 1590 1611 1629 pro
1647 1577 1794 1618 condi-

306 1636 329 1673 2
356 1637 474 1675 cione
504 1636 616 1675 enim
647 1636 724 1674 hoc
754 1635 841 1674 loco
870 1635 1144 1686 emancipatio
1175 1633 1347 1673 uidetur
1377 1633 1599 1686 adscripta.
1662 1635 1794 1675 Dece-

356 1693 482 1733 (lente
513 1706 582 1743 e0,
618 1705 639 1731 a
670 1705 751 1744 quo
782 1691 1098 1731 fideicommissa
1129 1691 1302 1730 libertas
1322 1691 1469 1731 relicta
1499 1698 1586 1742 est,
1611 1691 1793 1731 heredes

306 1750 328 1787 3
357 1752 448 1790 eius
470 1762 560 1789 eam
581 1756 796 1802 praestare
817 1748 991 1800 cogendi
1013 1754 1125 1787 sunt.
1160 1747 1377 1788 Decedens
1398 1749 1533 1787 seruis
1555 1751 1642 1789 suis
1662 1748 1794 1788 liber-

355 1813 482 1846 tatem
513 1807 567 1846 ita
590 1806 728 1845 dedit:
772 1818 888 1845 1LLvm
910 1818 957 1844 ΕΤ
978 1817 1092 1844 imvm
1114 1818 1270 1845 LlBEnos
1291 1818 1378 1844 ESSE
1399 1817 1497 1845 voto
1518 1818 1663 1852 EosQVE
1683 1819 1794 1846 r-1L11s

355 1877 442 1903 mnis
473 1876 644 1903 Tvrom-:s
664 1876 740 1903 no:
775 1862 1004 1915 impeditur
1029 1862 1347 1902 fideicommissa
1368 1861 1561 1913 libertas,
1594 1864 1692 1914 quia
1713 1877 1795 1915 pu—

355 1922 446 1973 pilli
468 1922 558 1961 sine
580 1922 728 1960 tutoris
757 1921 999 1960 auctoritate
1030 1920 1323 1959 manumittere
1346 1932 1428 1959 non
1458 1927 1636 1971 possunt
1657 1927 1697 1960 et
1718 1921 1795 1960 ha—

356 1978 556 2017 bentibus
577 1984 736 2017 tutores
757 1985 869 2017 tutor
890 1977 978 2016 dari
1001 1989 1083 2016 non
1105 1982 1253 2028 potest.
1313 1976 1387 2016 sed
1410 1977 1580 2016 interim
1601 1978 1695 2017 uice
1717 1977 1794 2017 ab—

357 2037 538 2075 sentium
560 2036 711 2087 pupilli
734 2034 1014 2085 habebuntur,
1041 2040 1088 2073 ut
1110 2047 1161 2073 ex
1183 2033 1350 2073 decreto
1368 2034 1613 2086 amplissimi
1633 2034 1794 2075 ordinis

357 2094 538 2145 primum
561 2092 734 2133 libertas
755 2106 801 2132 ac
823 2091 976 2132 deinde
998 2091 1128 2130 tutela
1150 2097 1382 2143 competere
1405 2091 1549 2143 possit.

707 2216 783 2269 [xlv
840 2229 889 2257 An
920 2228 1046 2255 LEGEM
1076 2228 1213 2255 rvrhm
1245 2216 1445 2269 mmmm]

311 2299 323 2336 l
469 2298 717 2337 Nominatim
740 2298 854 2336 serui
876 2302 1124 2336 testamento
1145 2296 1382 2336 manumitti
1404 2294 1635 2335 secundum
1657 2295 1791 2347 legem

356 2355 513 2396 Fufiam
543 2360 730 2407 possunt.
791 2354 1035 2393 nominatim
1059 2360 1198 2393 autem
1220 2353 1513 2393 manumittere
1537 2352 1793 2405 intellegitur

397 2480 513 2488 „wal—„mss
525 2483 535 2487 η
548 2479 581 2487 κ,
591 2479 748 2486 affixam-«2
760 2478 819 2485 vxxs
850 2481 861 2485 c
875 2483 880 2485 ,
891 2480 904 2485 Ὢ
914 2479 984 2486 ,Ν
1000 2478 1021 2485 ω
1030 2480 1034 2484 «
1044 2480 1078 2486 §V
1087 2479 1205 2486 αυῃχκ

450 2551 467 2579 3
494 2548 772 2580 fideicommisso
790 2547 868 2579 dett.
927 2546 940 2587 ΙΙ
997 2548 1014 2578 6
1040 2547 1214 2579 libertatis
1233 2547 1296 2578 ML
1351 2546 1364 2586 Η
1421 2547 1438 2577 8
1463 2554 1575 2587 prope
1598 2547 1633 2577 et
1655 2546 1789 2585 scripsi,

356 2594 483 2636 probet
501 2594 577 2632 ML,
596 2593 710 2636 probe
728 2594 806 2625 dett.
849 2593 863 2633 11
905 2595 943 2623 43
972 2593 1071 2624 iussu
1088 2594 1182 2631 dett„
1204 2593 1339 2624 iussum
1359 2591 1422 2623 ML
1462 2590 1475 2632 ΙΙ
1515 2593 1555 2622 23
1575 2590 1793 2623 omnimodis

358 2642 485 2672 codices
525 2640 538 2680 11
580 2641 618 2671 34
646 2638 869 2679 nominatim]
891 2647 961 2670 non
982 2639 1048 2669 nisi
1069 2639 1276 2670 nominatim
1297 2647 1363 2669 scr.
1384 2638 1556 2674 (similiter
1573 2636 1736 2676 Huschke)

1819 463 1836 492 5

1821 749 1860 778 ⁴0

1822 1035 1860 1064 45

1818 1321 1858 1350 20

1818 1698 1860 1728 25

1817 1983 1858 2013 30

1817 2359 1858 2388 35

1940 605 1942 708 Ξ

1938 715 1942 820 l
