1942 3081
313 87 406 119 Paul.
429 87 453 123 1,
477 89 550 116 43Α.
574 89 633 116 43κ
1004 84 1056 123 5ss
1116 106 1228 112 —-

312 212 453 252 tulerit
493 211 719 250 mutauerit
751 209 906 261 quidue
945 208 1060 248 aliud
1097 209 1354 261 propositum
1393 206 1587 246 edicendi
1625 219 1745 246 causa

261 271 282 308 4
311 268 561 317 turbauerit‚
588 274 704 307 extra
727 266 918 306 ordinem
950 267 1139 318 punitur.
1193 266 1235 305 si
1260 264 1301 304 id
1333 264 1444 316 quod
1476 270 1662 316 emptum
1685 271 1743 303 est

311 338 447 377 neque
469 324 660 364 tradatur
688 337 829 375 neque
858 324 1144 375 mancipetur,
1178 322 1374 362 uenditor
1401 322 1488 373 cogi
1510 327 1667 373 potest,
1702 328 1746 359 ut

258 384 281 422 ὃ
312 383 447 422 tradat
476 389 547 421 aut.
579 383 801 433 mancipet.
862 381 1119 420 Deteriorem
1150 392 1320 419 seruum
1354 378 1473 417 facit.
1507 378 1579 429 qui
1609 377 1745 429 fugam

311 441 489 479 suaserit
512 446 550 479 et
575 440 646 490 qui
671 438 852 487 furtum.
887 444 924 477 et
947 438 1018 489 qui
1041 450 1175 476 mores
1198 437 1288 476 eius
1310 448 1514 488 corpusue
1546 447 1747 486 corrupe-

259 499 281 537 6
313 498 378 536 rit.
434 498 513 544 Qui
535 496 725 535 ancillam
749 496 927 534 alienam
958 495 1167 546 uirginem
1200 495 1461 532 immaturam
1492 492 1740 543 corruperit,

309 567 439 607 poena
463 554 566 605 legis
585 553 776 605 Aquiliae
798 551 1023 591 tenebitur.

489 691 592 740 [x1111z
654 691 713 727 *sl
744 700 955 728 usitamus
988 700 1056 725 VEL
1089 700 1181 734 va
1212 699 1324 725 ALND
1357 687 1559 736 ΡΕτΑτνιιἿ

262 773 274 810 4
423 771 466 808 ln
489 770 690 821 petitione
710 767 955 807 hereditatis
979 781 1024 806 ea
1047 768 1238 814 ueniunt,
1267 779 1373 817 quae
1392 765 1613 805 defunctus
1635 778 1746 804 mor—

310 829 362 866 tis
385 834 571 877 tempore
604 826 800 877 reliquit7
827 825 893 865 uel
926 838 995 873 ea7
1029 836 1136 876 quae
1158 830 1249 875 post
1272 829 1446 862 mortem
1474 829 1569 861 ante
1592 822 1745 861 aditam

258 887 282 925 2
311 883 583 924 hereditatem
606 896 657 922 ex
679 895 725 921 ea
748 882 937 934 quaesita
959 888 1069 921 sunt.
1114 882 1326 920 Possessor
1348 879 1592 919 hereditatis
1614 880 1743 931 pretia

310 954 451 980 earum
473 953 636 984 rerum,
673 952 777 991 quas
799 939 890 978 dolo
912 939 1133 978 alienauit.
1169 950 1261 977 cum
1285 937 1423 976 usuris
1444 943 1657 988 praestare
1680 949 1748 975 co-

259 1001 281 1037 3
311 998 472 1050 gendus
496 1005 571 1036 est.
627 997 804 1035 *Rerum
829 1009 879 1035 ex
902 995 1137 1035 hereditate
1159 995 1432 1034 alienaturum
1453 994 1682 1033 aestimatio
1704 995 1744 1032 in

260 1058 281 1095 4
310 1055 508 1094 *arbitrio
539 1055 728 1106 petitoris
758 1054 991 1093 consistit?
1043 1053 1186 1092 Petitio
1218 1051 1486 1098 hereditatis,
1523 1052 1641 1090 cuius
1670 1050 1748 1090 de-

310 1112 478 1152 functus
507 1112 620 1150 litem
645 1124 727 1150 non
758 1118 847 1149 erat
874 1116 1150 1159 contestatus,
1182 1108 1234 1147 ad
1267 1108 1465 1147 heredem
1497 1120 1579 1146 non
1609 1114 1747 1147 trans-

259 1171 282 1209 5
311 1170 504 1208 mittitur.
559 1168 803 1207 *Hereditas
833 1180 907 1219 pro
938 1180 985 1206 ea
1020 1173 1139 1218 parte
1170 1166 1255 1218 peti
1288 1165 1445 1205 debet.v
1477 1178 1552 1217 pro
1582 1177 1662 1216 qua
1695 1164 1745 1204 ad

310 1226 410 1265 *nos
431 1227 635 1277 pertinet:
664 1226 846 1277 alioquin
868 1225 963 1276 plus
984 1223 1154 1275 petendi
1177 1223 1409 1275 periculum
1435 1223 1687 1261 incurrimus
1708 1229 1744 1261 et

261 1286 282 1323 6
311 1285 502 1323 *causam
522 1282 755 1334 perdimus.
812 1283 890 1328 Qui
912 1283 1019 1333 petit
1043 1280 1331 1328 hereditatem,
1361 1281 1447 1331 ipse
1470 1278 1649 1331 probare
1671 1278 1748 1318 de-

310 1340 405 1379 ³⁴³bet
435 1340 488 1379 ad
518 1353 562 1379 se
593 1341 724 1390 magis
755 1352 878 1391 quam
908 1338 960 1377 ad
991 1351 1084 1377 eum
1115 1338 1187 1389 qui
1210 1336 1394 1389 possidet
1423 1337 1514 1376 siue
1546 1349 1598 1375 ex
1619 1342 1748 1375 testa—

259 1400 282 1437 7
308 1396 472 1436 *mento
494 1397 584 1436 siue
606 1396 658 1435 ab
682 1398 875 1435 intestato
897 1396 1126 1448 pertinere.
1182 1395 1260 1433 Eas
1285 1407 1374 1443 res.
1402 1406 1505 1445 quas
1527 1393 1621 1444 quis
1644 1394 1746 1432 iuris

309 1455 398 1494 sui
430 1467 522 1494 esse
544 1461 685 1505 putat.
720 1460 865 1505 petere
898 1459 1056 1504 potest,
1091 1453 1146 1490 ita
1175 1459 1315 1490 tamen
1346 1459 1391 1490 ut
1424 1451 1503 1502 ipsi
1536 1449 1742 1490 incumbat

258 1513 315 1551 8
309 1511 511 1550 *necessit
518 1523 562 1549 as
585 1510 789 1562 probandi
821 1523 890 1549 eas
912 1509 964 1548 ad
987 1522 1030 1548 se
1053 1509 1281 1560 pertinere.
1336 1509 1550 1547 Possessor
1578 1506 1748 1546 heredi-

308 1569 450 1619 tatis,
486 1568 556 1620 qui
580 1580 632 1606 ex
655 1581 701 1606 ea
732 1567 891 1606 fructus
924 1579 1074 1618 eapeie
1096 1566 1164 1605 uel
1188 1564 1403 1617 possidere
1425 1565 1634 1616 neglexit.
1666 1563 1748 1604 du-

259 1628 316 1664 9
309 1625 445 1701 Iplam
468 1638 612 1664 eorum
633 1625 964 1664 aestimationem
985 1631 1200 1675 praestare
1231 1629 1414 1674 cogetur.
1468 1612 1501 1660 Ii
1521 1621 1714 1661 fructus
1704 1634 1746 1659 m

309 1683 597 1722 *restitutione
619 1681 861 1733 praestandi
884 1687 981 1720 sunt
1002 1681 1184 1732 petitori
1212 1692 1314 1731 quos
1335 1680 1627 1730 unusquisque
1649 1677 1747 1718 dili-

309 1740 438 1783 *oens
459 1746 579 1791 pater
600 1739 776 1777 familias
797 1745 835 1777 et
860 1738 1058 1777 honestus
1079 1737 1273 1788 colligere
1297 1736 1540 1788 potuisset.

403 1935 477 1971 431³,
499 1936 510 1963 4
535 1945 575 1959 =
600 1932 808 1964 Consultatio
826 1934 857 1967 6,
881 1934 897 1962 7
943 1931 956 1970 ll
1008 1933 1080 1965 ⁴31³,
1101 1933 1117 1961 3
1139 1933 1233 1961 extat
1251 1932 1282 1961 in
1305 1929 1402 1967 LAE,
1422 1931 1453 1960 in
1474 1928 1533 1960 LE
1549 1926 1658 1969 ante§
1678 1930 1696 1958 2
1738 1926 1750 1968 {I

314 1982 386 2016 1:31³,
405 1980 421 2008 4
441 1991 482 2005 =
505 1978 603 2009 Cous.
620 1980 653 2015 6,
670 1980 686 2008 5
722 1977 735 2016 11
771 1979 879 2015 431³,5
896 1990 936 2003 --
956 1976 1053 2008 Cons.
1071 1979 1103 2012 5,
1123 1979 1140 2006 5
1174 1976 1187 2015 ll
1223 1977 1296 2009 43⁸.
1314 1977 1344 2006 6.
1363 1977 1379 2005 7
1397 1988 1438 2002 =
1457 1974 1555 2006 Cons.
1573 1977 1606 2011 6⁷
1626 1977 1676 2004 5³.
1694 1976 1712 2004 6
1736 1972 1749 2015 ΙΙ

314 2027 386 2062 433,
408 2027 440 2055 3.
461 2026 478 2054 9
499 2037 539 2050 =
558 2024 738 2062 Appendioe
756 2025 787 2057 4,
809 2026 862 2053 lt).
890 2025 919 2053 14

404 2209 415 2236 4
447 2205 639 2236 mutauerit
658 2205 704 2244 M,
725 2213 790 2236 om.
812 2205 837 2236 L
870 2204 883 2244 11
916 2206 933 2234 2
962 2203 1120 2245 punitur]
1148 2204 1337 2242 requiritur
1354 2202 1572 2240 uindicatur,
1591 2204 1630 2232 ut
1646 2204 1695 2233 est
1712 2203 1744 2232 in

313 2252 593 2290 Interpretatione
625 2249 639 2290 ΙΙ
671 2252 688 2280 5
717 2251 793 2281 eius
812 2251 849 2287 L,
871 2259 934 2281 om.
957 2250 994 2281 M
1024 2249 1037 2289 11
1077 2252 1093 2279 8
1122 2249 1258 2280 rubrica
1275 2257 1320 2280 ea:
1343 2248 1491 2281 Consult.
1513 2250 1545 2285 5,
1566 2249 1598 2278 5.
1620 2248 1651 2285 6,
1674 2249 1704 2278 5.
1727 2249 1743 2276 7

311 2301 342 2329 et
358 2297 549 2336 Appendice
570 2299 599 2334 4,
623 2298 660 2326 4ο
683 2297 841 2327 restituta
859 2299 928 2327 est:
959 2295 1109 2327 Consult.
1131 2296 1162 2333 6,
1184 2297 1201 2325 5
1221 2303 1296 2326 eam
1312 2297 1445 2325 sextam
1465 2294 1542 2324 libri
1557 2293 1660 2332 primi
1675 2300 1748 2323 esse

309 2343 384 2374 uult
416 2342 430 2382 ΙΙ
468 2343 602 2383 petitur
619 2341 703 2380 App.
746 2340 760 2381 ΙΙ
803 2344 840 2371 40
860 2341 1049 2381 dereliquit
1073 2340 1172 2372 Cons.
1215 2340 1228 2379 u
1275 2342 1305 2370 tt
1331 2340 1441 2380 pretia
1460 2340 1554 2374 dest,
1576 2346 1746 2379 praesen-

311 2390 358 2420 tia
377 2389 439 2420 ML
480 2388 493 2428 ΙΙ
536 2390 573 2418 43
593 2396 634 2419 ex
653 2395 717 2418 om.
736 2386 760 2417 L
801 2386 814 2426 11
854 2387 1080 2417 extimatione
1099 2386 1168 2421 LE,
1189 2386 1229 2417 de
1246 2386 1271 2416 A
1292 2394 1354 2416 nou
1375 2387 1505 2415 constat
1543 2384 1556 2424 11
1599 2384 1637 2413 44
1658 2392 1746 2414 con-

311 2435 410 2466 sistat
436 2433 523 2465 LAE
569 2433 583 2474 u
629 2434 660 2464 in
682 2433 870 2463 Parisiensi
898 2433 982 2462 4405
1009 2435 1088 2463 ante
1113 2430 1164 2472 §4
1192 2432 1274 2462 haec
1297 2431 1477 2471 leguntur.-
1504 2430 1746 2470 interpretatio

310 2480 433 2520 petitio
459 2479 664 2511 hereditatis
689 2478 801 2519 ipsius
824 2478 994 2519 petitione
1021 2477 1213 2517 repelletur
1259 2476 1272 2515 11
1321 2478 1360 2506 20
1388 2474 1439 2516 §7
1467 2483 1590 2506 uereor
1614 2483 1656 2506 ne
1680 2483 1745 2506 non

310 2529 400 2557 recte
425 2526 501 2556 huic
525 2525 596 2556 loco
622 2525 777 2555 restituta
803 2525 866 2554 sit:
893 2531 973 2553 nam
999 2531 1073 2553 cum
1094 2521 1108 2563 §
1129 2524 1159 2554 li.
1181 2525 1213 2553 6.
1237 2525 1247 2552 4
1271 2523 1303 2552 in
1329 2521 1426 2553 Cous.
1449 2523 1481 2557 6,
1502 2522 1532 2550 5.
1555 2522 1603 2552 5³.
1627 2523 1643 2551 7
1671 2520 1747 2551 huic

310 2571 418 2607 titulo,
445 2572 502 2610 qui
523 2570 787 2602 Consziltationis
810 2570 942 2600 auctori
966 2569 1084 2599 sertus
1110 2572 1158 2599 est
1178 2568 1407 2599 vindicentur.
1436 2564 1451 2607 ξ
1472 2568 1488 2596 7
1508 2575 1552 2597 ez·
1569 2565 1665 2597 titulo
1684 2565 1751 2597 IIII

313 2619 447 2655 sumpta
465 2625 537 2647 esse
553 2616 678 2647 dicitur

1775 830 1812 858 40

1775 1116 1812 1143 4.

1773 1401 1790 1429 2

1773 1685 1790 1713 ιθ

1797 1685 1813 1714 επ

1797 1127 1814 1144 ι’)

1797 1400 1812 1427 0
