1966 3081
548 763 882 817 PRAEFATIO
920 763 1189 817 EDITORIS

264 903 375 942 Pauli
408 903 711 941 sententiarum
737 902 855 941 bodie
889 916 969 941 11011
994 910 1219 954 supersunt
1242 905 1319 942 nisi
1354 903 1581 952 fragmenta

149 974 170 999 0
193 959 375 999 diuersis
404 959 717 998 collectionibus
741 959 938 1010 petenda.
983 967 1109 1011 atque
1140 960 1457 999 fundamentum
1489 962 1584 1011 qui-

149 1017 242 1056 dem
268 1017 541 1055 restitutionis
573 1023 631 1055 est
657 1030 703 1055 ea
726 1017 934 1068 Epitome,
962 1029 1067 1068 quae
1093 1018 1209 1067 Legis
1232 1019 1435 1057 Romanae
1460 1019 1585 1056 Wisi-

150 1074 363 1125 gothorum
396 1080 556 1124 partem
591 1074 730 1112 efficit.
785 1074 885 1112 haec
907 1074 1095 1125 Epitome
1129 1075 1169 1112 in
1192 1074 1444 1126 quibusdam
1468 1076 1585 1126 Legis

148 1132 354 1170 Romanae
381 1129 593 1169 codicibus
615 1131 825 1169 nonnullis
842 1131 1061 1169 sententiis
1079 1144 1130 1169 ex
1148 1132 1308 1182 integro
1332 1132 1442 1170 Pauli
1460 1145 1585 1183 opere

150 1188 407 1240 depromptis
445 1194 559 1226 aucta
600 1194 676 1225 est.
739 1187 945 1226 accedunt
978 1188 1187 1238 complura
1220 1189 1354 1239 capita
1391 1189 1430 1226 111
1465 1189 1585 1227 111511-

150 1246 264 1284 niani
287 1245 453 1296 Digesta
476 1252 512 1283 et
548 1245 588 1282 in
613 1244 878 1282 Collationem
905 1251 1092 1296 recepta,
1128 1246 1322 1296 pauciora
1346 1246 1386 1283 in
1412 1246 1585 1284 Consul-

148 1303 302 1341 tatione
336 1309 375 1340 et
405 1301 446 1339 in
468 1301 675 1339 Vaticanis
707 1300 949 1352 fragmentis
980 1308 1019 1340 et
1052 1303 1091 1339 in
1125 1302 1438 1353 Appendicibus
1471 1303 1586 1353 Legis

149 1360 353 1398 Romanae
388 1359 706 1409 wisigothorum
745 1364 906 1403 extant,
942 1359 1162 1398 nonnullae
1200 1358 1383 1410 denique
1414 1367 1587 1398 50111011-

149 1417 230 1455 tiae
253 1417 294 1454 in
318 1417 424 1467 Lege
447 1416 625 1454 Romana
650 1415 987 1467 Burgundionum
1010 1416 1204 1455 citantur.

264 1473 344 1511 Hos
374 1473 477 1511 iuris
507 1471 636 1510 libros
659 1473 731 1523 qui
758 1473 1088 1523 compilauerunt
1119 1473 1287 1512 Paulum
1321 1474 1436 1512 uario
1465 1472 1585 1511 modo

151 1536 448 1569 tractauerunt.
493 1529 731 1568 Collationis
754 1530 865 1567 enim
889 1536 927 1568 et
959 1530 1277 1568 Consultationis
1309 1537 1347 1569 et
1370 1530 1586 1568 Vaticano-

152 1600 243 1626 rum
273 1586 600 1637 fragmentorum
633 1593 670 1625 et
702 1586 993 1638 Appendicum
1031 1586 1272 1626 auctoribus
1305 1587 1414 1625 Pauli
1455 1586 1584 1626 uerba

152 1650 312 1683 mutare
338 1645 379 1682 in
408 1643 544 1682 animo
566 1656 647 1682 non
671 1642 769 1681 fuit:
813 1643 1049 1682 Collationis
1078 1650 1215 1683 tamen
1249 1650 1480 1693 auctorem,
1513 1643 1584 1683 ubi

150 1702 293 1752 plures
316 1700 545 1740 sententias
567 1713 648 1739 uno
670 1701 804 1751 capite
829 1700 1188 1751 complecteretur,
1214 1714 1295 1739 non
1319 1700 1475 1752 ubique
1500 1701 1588 1752 pri-

152 1759 307 1797 stinum
345 1770 485 1796 earum
524 1757 712 1796 ordinem
749 1770 940 1796 seruasse
973 1771 1024 1796 ex
1061 1758 1185 1796 huius
1223 1758 1419 1797 editionis
1455 1758 1587 1796 titulis

153 1815 368 1865 5,181;
392 1814 491 1852 Coll.
521 1814 586 1864 11,
613 1815 652 1852 3.
680 1814 718 1852 2.
748 1815 785 1852 1.
814 1815 849 1864 5)
887 1821 927 1853 et
951 1815 988 1864 5,
1016 1815 1067 1853 20
1098 1815 1165 1867 (=
1189 1815 1288 1853 Coll.
1318 1815 1383 1863 4⁶2,
1412 1815 1580 1862 [1413.

152 1880 339 1924 apparet.
385 1877 525 1910 contra
550 1871 590 1909 in
612 1871 791 1922 Digestis
815 1872 925 1910 Pauli
949 1872 1175 1911 sententias
1197 1884 1278 1911 non
1302 1873 1441 1911 minus
1464 1884 1585 1922 quani

152 1930 333 1980 reliquos
364 1928 493 1967 libros
522 1936 714 1967 ueterum
747 1929 837 1967 iure
861 1929 1141 1968 consultorum
1173 1929 1224 1968 ab
1253 1929 1492 1968 Iustinianis
1523 1929 1588 1967 in-

151 1986 375 2038 terpolatos
401 1998 491 2024 esse
522 1992 846 2024 consentaneum
880 1992 955 2024 est.
1000 1985 1111 2037 quod
1141 1985 1326 2038 denique
1356 1986 1408 2025 ad
1439 1987 1585 2037 Legem

152 2044 375 2082 Romanam
406 2042 554 2094 Wisig.
587 2043 757 2092 attinet,
800 2055 1052 2094 quamquam
1090 2043 1214 2082 huius
1251 2042 1588 2094 compilatoribus

151 2113 170 2138 a
197 2112 295 2151 rege
312 2099 475 2139 Alarico
499 2099 776 2151 interpolandi
794 2099 966 2138 facultas
989 2099 1082 2138 data
1106 2112 1187 2138 non
1211 2107 1285 2149 est,
1312 2100 1442 2138 nihilo
1460 2101 1589 2151 magis

153 2165 289 2196 tamen
308 2169 448 2196 eorum
468 2157 509 2194 in
527 2156 744 2196 tradendis
761 2157 980 2195 sententiis
997 2156 1099 2195 fides
1117 2156 1377 2196 dubitatione
1397 2163 1587 2208 exempta

153 2220 228 2253 est.
273 2214 346 2265 qui
366 2219 662 2265 praeterquam
686 2213 795 2264 quod
826 2213 878 2252 ad
904 2214 941 2263 1,
967 2214 1033 2263 91,
1066 2215 1113 2252 10
1138 2213 1327 2253 ordinem
1359 2215 1590 2252 sententia-

154 2283 245 2310 rum
276 2276 566 2320 mutauerunt,
600 2284 622 2308 a
645 2277 840 2309 contextu
871 2283 1014 2309 earum
1037 2283 1182 2310 manus
1204 2283 1285 2310 non
1318 2271 1439 2322 plane
1461 2270 1590 2309 absti-

152 2334 359 2369 nuerunt,
394 2326 466 2366 sed
499 2326 728 2366 mutilando
759 2327 901 2366 saltem
925 2340 994 2366 eos
1025 2328 1180 2379 aliquot
1210 2328 1437 2367 sententias
1462 2329 1590 2365 inter-

154 2384 252 2424 dum
284 2397 453 2436 pessum
485 2383 652 2423 dedisse
674 2383 788 2433 adl,
818 2385 853 2432 1,
881 2385 920 2422 ⁶2.
950 2385 987 2434 1,
1015 2386 1053 2434 4,
1080 2386 1119 2424 3.
1149 2386 1184 2435 1,
1213 2386 1279 2431 24,
1309 2385 1346 2422 1.
1376 2386 1424 2422 1-1
1456 2385 1587 2435 palam

156 2440 267 2493 est.¹)
297 2440 567 2492 quamohrem
591 2441 766 2480 dubium
791 2447 865 2490 051,
894 2448 1033 2480 utrum
1061 2443 1095 2491 l,
1124 2444 1161 2491 9,
1189 2443 1228 2480 Ξ).
1256 2443 1295 2480 3,
1323 2442 1361 2491 6,
1391 2441 1456 2478 45.
1483 2453 1588 2492 qum¹

249 2599 269 2639 ¹)
300 2599 460 2631 Eandem
479 2598 628 2631 fortasse
648 2599 693 2631 ob
713 2609 857 2632 causam
877 2601 912 2632 111
935 2603 962 2637 1,
986 2603 1016 2634 2.
1040 2603 1050 2630 1
1077 2599 1228 2631 uerbum
1249 2599 1387 2630 finitum
1406 2598 1590 2630 desidera-

157 2647 226 2676 tur.
269 2647 393 2676 contra
420 2644 649 2677 librariorum
676 2647 795 2686 potius
820 2647 985 2678 socordia
1013 2646 1194 2677 mutilatae
1221 2645 1277 2676 uel
1305 2646 1491 2685 corruptae
1511 2647 1589 2675 sunt

158 2699 193 2721 u.
214 2699 246 2728 g.
269 2692 300 2725 2,
321 2693 352 2725 9,
376 2693 386 2720 1
412 2693 499 2724 extr.
529 2693 560 2727 Ξ,
584 2694 636 2722 15.
660 2695 688 2721 1.
