1966 3081
700 186 812 192 ——-
872 165 896 203 9
956 187 1067 192 ——-
1433 165 1601 206 Ylp.2.:3

175 295 250 328 tam
277 295 519 327 testamento
542 301 664 339 quam
688 289 888 327 codicillis
911 295 1158 326 testamento
1181 289 1432 327 confirmatis
1454 297 1600 340 potest⁷

175 352 219 384 ut
242 352 378 384 tamen
402 345 545 385 eodem
569 344 688 383 modo
711 345 932 395 adimatur,
960 358 1040 396 quo
1062 352 1102 383 et
1124 344 1218 383 data
1242 351 1318 383 est.

711 493 767 542 [ιιι
825 504 872 529 DE
905 492 1067 543 ιΛίἰΝις]

125 587 138 623 1
288 583 419 621 Latini
448 583 757 628 iusQuiritium
789 589 1102 633 consequuntur
1124 583 1189 620 his
1211 581 1366 621 modis:
1404 581 1604 621 beneficio

129 670 132 671 γ
173 640 415 691 principali,
453 639 621 690 liberis⁷
658 640 900 689 iteratione,
936 639 1107 689 militia⁷
1141 652 1271 687 naue,
1307 639 1514 689 aedificio,
1540 640 1604 690 pc·-

172 697 322 735 strinoz
364 703 583 747 praeterea
619 709 677 735 eoe
714 703 882 735 senatus
920 697 1104 736 consulto
1135 697 1283 747 ÷uulg0
1323 708 1430 747 quae
1462 697 1515 734 sit
1544 703 1606 734 ter

123 755 146 793 2
172 754 308 792 enixa.
362 753 566 792 Beneficio
598 754 816 805 principali
852 754 1019 792 Latinus
1050 755 1261 792 ciuitatem
1284 754 1505 792 Romanam
1538 766 1607 791 ao-

121 812 143 849 3
171 811 291 861 cipit,
331 811 364 848 si
396 810 448 848 ab
480 811 727 861 imperatore
756 812 819 849 ius
843 811 1068 856 Quiritium
1091 810 1391 862 in‘lpotrauerit.
1446 809 1606 848 Liberis

173 868 235 906 ius
260 868 483 913 Quiritium
507 868 777 918 consequitur
798 868 988 917 Latinus,
1022 869 1093 918 qui
1126 869 1260 906 minor
1281 868 1453 919 triginta
1475 879 1606 905 anno—

173 937 263 962 rum
296 925 634 963 manumissionis
663 931 845 976 tempore
876 923 968 963 fuit.
1026 937 1120 963 nam
1158 925 1247 975 lege
1285 925 1399 964 lunia
1438 930 1603 963 cautum

172 987 253 1030 est,
288 988 334 1020 ut
366 982 399 1019 si
427 982 561 1020 ciuem
582 982 804 1020 Romanam
826 982 894 1020 uel
917 983 1101 1020 Latinam
1123 994 1294 1020 uxorem
1317 981 1505 1031 duxerit,
1542 987 1605 1020 te-

171 1039 347 1077 statione
389 1039 652 1090 interposita‚
697 1038 808 1089 quod
849 1037 1075 1077 liberorum
1111 1038 1445 1090 quaerendorum
1482 1050 1604 1077 causa

171 1107 342 1133 uxorem
374 1094 562 1144 duxerit,
596 1101 736 1145 postea
768 1095 849 1133 filio
883 1095 1020 1134 filiaue
1052 1102 1147 1134 nato
1177 1102 1327 1134 nataue
1350 1101 1391 1134 et
1411 1096 1603 1134 anniculo

170 1151 272 1190 facto
295 1153 425 1203 possit
446 1151 556 1203 apud
578 1158 812 1203 praetorem
835 1152 902 1191 uel
924 1151 1161 1203 praesidem
1184 1153 1423 1203 prouinciae
1440 1164 1604 1191 oausam

168 1208 346 1260 probare
379 1216 419 1248 et
450 1209 538 1247 fieri
570 1209 675 1248 ciuis
698 1210 905 1248 Romanus
937 1216 1019 1248 tam
1052 1210 1140 1260 ipse
1169 1221 1292 1260 quam
1324 1209 1434 1248 filius
1466 1208 1603 1248 filiaue

169 1266 260 1304 eius
281 1272 321 1305 et
341 1278 466 1316 uxor,
502 1266 659 1305 seilicet
681 1267 715 1304 si
739 1273 778 1305 et
800 1266 890 1317 ipsa
911 1267 1050 1305 Latina
1072 1267 1147 1305 sit:
1181 1279 1275 1304 nam
1308 1267 1341 1304 si
1375 1279 1480 1305 uxor
1501 1267 1604 1305 ciuis

169 1323 345 1361 Romana
384 1324 458 1373 sit7
498 1329 644 1374 partus
680 1335 847 1374 quoque
885 1324 990 1362 ciuis
1019 1324 1226 1362 Romanus
1257 1330 1320 1362 est
1351 1336 1401 1362 ex
1434 1329 1603 1361 senatus

119 1380 139 1417 4-
168 1379 367 1428 consulto,
402 1380 512 1431 quod
541 1386 706 1419 auctore
736 1379 831 1419 diuo
853 1380 1058 1419 Hadriano
1081 1381 1232 1420 factum
1256 1387 1333 1419 est.
1383 1380 1602 1419 Iteratione

169 1436 211 1474 fit
234 1437 338 1476 ciuis
360 1437 581 1486 Romanus,
609 1437 680 1488 qui
705 1443 794 1488 post
816 1438 1078 1476 Latinitatem
1101 1449 1225 1489 quam
1248 1444 1487 1488 acceperat,
1515 1450 1602 1475 ma—

167 1494 229 1531 ior
250 1494 420 1545 triginta
443 1506 646 1532 annorum
669 1495 818 1533 iterum
842 1495 945 1533 iuste
969 1495 1250 1533 manumissus
1272 1500 1335 1533 est
1356 1494 1408 1533 ab
1432 1507 1501 1544 eo,
1528 1507 1601 1532 ou—

170 1550 232 1589 ius
265 1563 317 1589 ex
348 1551 438 1589 iure
460 1551 681 1597 Quiritium
714 1564 862 1590 seruus
893 1551 981 1590 fuit.
1043 1551 1117 1590 sed
1147 1551 1243 1590 huic
1274 1564 1517 1590 conoessum
1540 1558 1601 1589 est

168 1618 223 1645 eoe
257 1614 427 1646 senatus
462 1608 647 1647 consulto
685 1609 807 1646 etiam
845 1608 987 1648 liberis
1024 1609 1088 1647 ius
1125 1609 1348 1654 Quiritium
1385 1609 1598 1659 consequi.

117 1664 140 1701 5
167 1664 307 1702 Militia
336 1665 400 1703 ius
423 1665 645 1711 Quiritium
677 1664 827 1716 accipit
850 1665 1039 1715 Latinus,
1074 1667 1112 1704 sl
1140 1667 1248 1704 inter
1276 1665 1428 1716 uigiles
1449 1666 1599 1703 Romae

167 1732 241 1759 sex
262 1722 383 1760 annis
406 1722 662 1772 militauerit,
691 1735 742 1760 ex
764 1722 853 1772 lege
875 1722 1059 1761 Visellia.
1117 1728 1335 1774 praeterea
1358 1735 1409 1761 ex
1432 1728 1600 1761 senatus

165 1779 352 1816 consulto
375 1791 614 1818 conoessum
639 1785 701 1817 est
724 1779 783 1827 ei,
819 1785 880 1826 ut,
918 1780 951 1817 si
984 1780 1163 1818 triennio
1186 1780 1297 1817 inter
1318 1780 1468 1829 uigiles
1491 1779 1600 1817 mili-

116 1836 137 1872 6
165 1835 339 1884 tauerit,
377 1836 441 1874 ius
464 1836 689 1881 Quiritium
716 1842 1008 1887 consequatur.
1063 1837 1174 1876 Naue
1198 1837 1366 1875 Latinus
1389 1837 1597 1875 ciuitatem

164 1891 382 1931 Romanam
413 1893 575 1944 accipit,
608 1893 641 1931 si
674 1905 754 1931 non
786 1893 984 1932 minorem
1016 1906 1141 1945 quam
1164 1893 1310 1932 decem
1332 1894 1490 1932 milium
1513 1906 1600 1931 mo-

163 1946 327 1987 diorum
358 1961 507 1988 nauem
541 1949 811 1988 fabricauerit
839 1956 879 1988 et
903 1951 1068 1989 Romam
1101 1963 1174 1989 sex
1197 1951 1317 1989 annis
1340 1949 1596 1990 frumentum

162 2006 405 2056 portauerit,
431 2019 482 2045 ex
504 2006 638 2045 edicto
661 2007 747 2046 diui
773 2007 951 2046 Claudii.

253 2281 265 2309 4
298 2279 381 2319 tam]
403 2281 511 2311 tatem
535 2279 560 2312 C
593 2278 605 2322 Η
641 2281 656 2310 4
686 2280 831 2311 latin'ms
848 2280 1034 2321 quiritium
1058 2280 1082 2312 C
1116 2279 1128 2323 Η
1164 2283 1181 2312 5
1211 2282 1361 2322 pristino
1385 2282 1409 2314 C
1443 2280 1455 2324 Η
1496 2284 1513 2312 6
1540 2290 1593 2321 ex}

160 2325 193 2355 et
216 2323 240 2355 C
278 2321 290 2366 ΙΙ
329 2325 436 2365 uulgo
454 2326 592 2366 quaesit
611 2327 643 2356 te
662 2334 699 2356 re
719 2335 806 2357 nexa
831 2326 876 2358 C:
902 2326 1010 2367 uulgo
1029 2327 1229 2367 quaesitum
1255 2328 1358 2359 enixa
1384 2328 1593 2364 Lachmann,

162 2369 267 2409 uulgo
280 2371 467 2410 quaesitos
485 2373 557 2403 tres
574 2372 677 2402 enixa
693 2371 871 2412 Boeekin9‚
892 2372 1023 2403 mulier
1041 2381 1131 2413 quae
1150 2373 1195 2403 sit
1209 2375 1263 2404 ter
1277 2374 1379 2404 enixa
1395 2374 1573 2404 Heimbach
1587 2384 1595 2402 .-

160 2415 219 2446 alii
235 2424 354 2447 nomen
372 2420 510 2448 senatus
529 2418 672 2448 consulti
689 2418 724 2447 in
742 2417 852 2457 uulgo
871 2418 979 2449 latere
992 2421 1117 2457 putant
1151 2418 1163 2459 Η
1199 2420 1234 2448 Μ
1261 2420 1339 2450 ciue
1363 2419 1387 2451 C
1418 2416 1430 2460 ΙΙ
1468 2422 1478 2449 ’1
1491 2420 1506 2447 3
1527 2418 1595 2449 du-

158 2460 209 2491 xit
231 2460 256 2492 C
289 2458 302 2503 ΙΙ
337 2462 501 2494 anecullo
525 2463 550 2495 C
587 2460 599 2504 ΙΙ
640 2463 679 2492 44
700 2471 807 2494 causa
830 2463 854 2495 C
891 2461 904 2505 ΙΙ
945 2466 984 2494 45
1005 2464 1123 2495 ciuem
1142 2472 1331 2495 romanum
1355 2464 1390 2503 C,
1419 2465 1517 2495 ciues
1536 2473 1596 2494 ro-

159 2507 253 2537 mani
271 2506 467 2538 Lachmann
512 2505 525 2549 Η
574 2510 612 2538 48
641 2507 714 2538 diui
734 2509 860 2540 atriani
883 2508 908 2540 C
953 2506 965 2551 ΙΙ
1013 2511 1053 2540 49
1080 2511 1270 2550 postquam
1296 2510 1508 2541 latinitatem
1534 2518 1597 2541 ac-

160 2554 303 2591 ceperat
319 2561 385 2583 scr.
436 2550 448 2594 ΙΙ
496 2555 531 2584 21
564 2563 606 2585 ex
633 2554 685 2584 ius
708 2553 732 2585 C
777 2551 789 2595 ΙΙ
835 2556 877 2585 22
904 2554 958 2594 ex]
987 2556 1026 2586 ut
1043 2564 1085 2586 ex
1108 2553 1151 2587 Cb
1169 2560 1306 2593 (manus
1324 2555 1462 2591 altera»,
1490 2564 1535 2586 u*
1554 2564 1596 2586 ex

163 2595 203 2627 ca
249 2593 261 2638 ΙΙ
307 2597 408 2629 liberi
433 2598 457 2631 C
501 2596 514 2641 Η
561 2602 601 2630 23
628 2600 657 2630 si
676 2607 740 2631 om.
766 2599 790 2630 C
835 2596 848 2641 Η
894 2601 933 2631 24
960 2600 1093 2631 uisillia
1117 2600 1142 2632 C
1187 2597 1199 2642 ΙΙ
1246 2600 1443 2641 praeterea]
1472 2603 1595 2641 postea

161 2640 384 2681 Faberrecte,
405 2644 448 2683 cf.
474 2644 549 2676 Gai.
573 2649 604 2683 «l,
624 2642 688 2678 52¹³
719 2641 731 2685 ΙΙ
763 2647 804 2676 26
823 2648 907 2676 naui
931 2646 955 2678 C
986 2644 998 2687 11
1031 2647 1177 2677 ciuitate
1196 2654 1342 2676 romana
1368 2645 1392 2677 C
1422 2644 1433 2686 Η
1468 2649 1506 2677 27
1527 2647 1595 2676 mi—

159 2695 244 2717 nore
266 2686 290 2718 (7
327 2685 339 2729 ΙΙ
378 2689 473 2720 milia
497 2689 521 2721 C
558 2687 570 2731 Η
609 2693 649 2721 28
679 2699 778 2721 roma
802 2691 826 2723 C

1632 650 1649 677 5

1633 934 1671 962 40

1632 1220 1671 1247 45

1629 1505 1667 1533 20
