1966 3081
343 161 510 201 vlp.⁴.5
860 181 972 188 -—-
1036 161 1083 197 Η)
1143 181 1255 187 ...-

707 285 758 336 [tv
820 297 865 323 niz
898 298 957 323 ms
989 297 1049 331 Qw
1083 297 1139 323 svn
1173 296 1272 323 ivms
1303 284 1410 335 svm}

295 363 309 400 4
456 365 528 404 Sui
552 365 652 403 iuris
675 372 767 403 sunt
793 363 1038 403 familiarum
1063 375 1232 403 suarum
1256 364 1478 415 principes,
1515 361 1555 400 id
1577 369 1637 401 est
1658 368 1775 414 pater

293 421 316 458 2
344 421 519 461 familiae
553 423 737 472 itemque
771 429 900 460 mater
931 420 1125 460 familiae.
1180 421 1259 467 Qui
1290 426 1418 460 matre
1452 419 1621 470 quidem
1648 424 1769 465 certa,

345 486 459 530 patre
481 485 618 518 autem
644 479 796 517 incerto
820 479 904 517 nati
927 484 1038 528 sunt,
1064 478 1198 530 spurii
1220 478 1499 529 appellantur.

667 603 704 655 [v
765 616 810 642 nn
843 616 902 641 uis
935 615 997 650 Qv1
1030 615 1068 641 ῐΝ
1100 615 1310 641 porsssrnn
1344 601 1452 653 svm]

298 684 311 720 4
462 684 502 721 {n
534 689 734 734 potestate
767 689 862 721 sunt
894 682 1013 721 liberi
1045 689 1265 733 parentum
1300 693 1356 719 αῖ
1390 683 1493 720 iusto
1516 682 1777 720 matrimonio

347 741 442 779 nati.

294 798 317 835 2
457 798 610 836 lustum
642 797 950 835 matrimonium
982 801 1065 845 est,
1100 796 1134 833 si
1167 796 1277 834 inter
1307 807 1375 834 eos
1397 796 1469 846 qui
1493 795 1657 845 nuptias
1680 807 1779 834 con-

345 855 515 892 trahunt
545 852 766 892 conubium
799 854 873 902 sit,
909 859 947 891 et
981 859 1058 891 tam
1089 852 1296 891 masculus
1323 851 1457 903 pubes
1479 864 1602 903 quam
1626 850 1777 891 femina

347 916 492 962 potens
514 912 578 959 sit,
606 916 644 948 et
665 910 833 960 utrique
858 910 1132 959 consentiant,
1158 909 1192 948 si
1214 909 1278 947 sui
1302 909 1403 947 iuris
1425 915 1537 958 sunt7
1563 915 1633 947 aut
1655 909 1778 948 etiam

295 969 316 1006 3
345 974 539 1019 parentes
571 979 736 1016 eorum,
773 967 807 1005 si
842 967 882 1005 in
907 972 1109 1019 potestate
1132 972 1243 1005 sunt.
1301 965 1532 1004 Conubium
1556 972 1617 1004 est
1639 967 1780 1005 uxoris

297 1026 316 1063 *t
348 1026 433 1063 iure
455 1023 672 1063 ducendae
697 1023 884 1062 facultas.
930 1022 1161 1062 Conubium
1182 1022 1337 1061 habent
1358 1023 1471 1062 ciues
1494 1023 1664 1061 Romani
1686 1035 1779 1062 cum

345 1081 510 1121 ciuibus
541 1081 757 1119 Romanis:
804 1094 896 1120 cum
930 1081 1080 1119 Latinis
1112 1086 1250 1119 autem
1284 1086 1323 1118 et
1354 1080 1589 1131 peregrinis
1625 1081 1702 1129 ita,
1747 1081 1781 1119 si

239 1137 261 1175 5
298 1142 319 1177 6
345 1151 585 1178 concessum
610 1138 675 1176 sit.
731 1137 833 1176 Cum
857 1139 992 1176 seruis
1014 1137 1175 1176 nullum
1199 1143 1260 1176 est
1281 1136 1520 1176 conubium.
1576 1137 1687 1175 Inter
1709 1148 1783 1188 pa-

348 1202 485 1234 rentes
513 1201 553 1234 et
586 1194 739 1233 liberos
771 1194 930 1233 infinite
953 1195 1254 1245 cuiuscumque
1278 1193 1431 1246 gradus
1453 1195 1534 1232 sint
1557 1193 1782 1233 conubium

346 1265 427 1291 non
451 1259 526 1291 est.
577 1253 686 1290 inter
707 1258 897 1303 cognatos
919 1258 1056 1290 autem
1080 1264 1132 1290 ex
1153 1258 1393 1290 transuerso
1416 1250 1545 1302 gradu
1568 1251 1665 1289 olim
1688 1252 1785 1302 qui-

347 1309 439 1348 dem
476 1322 608 1360 usque
631 1308 682 1347 ad
705 1316 899 1360 quartum
922 1308 1093 1360 gradum
1116 1309 1376 1347 matrimonia
1398 1308 1582 1347 contrahi
1605 1320 1687 1346 non
1710 1320 1784 1359 po-

349 1372 507 1405 terant:
545 1378 656 1404 nunc
685 1372 822 1404 autem
853 1367 975 1404 etiam
1009 1378 1061 1404 ex
1090 1366 1210 1404 tertio
1238 1364 1369 1416 gradu
1391 1365 1487 1404 licet
1510 1378 1681 1404 uxorem
1703 1364 1784 1404 du-

347 1437 462 1472 cere³
499 1423 573 1462 sed
603 1429 761 1461 tantum
786 1422 926 1461 fratris
949 1422 1098 1470 filiam,
1135 1434 1217 1460 non
1240 1423 1364 1461 etiam
1387 1422 1538 1461 sororis
1560 1421 1681 1461 filiam
1713 1429 1781 1461 aut

347 1481 514 1518 amitam
547 1480 612 1518 uel
648 1486 925 1526 materteram,
963 1480 1157 1530 quamuis
1189 1478 1334 1518 eodem
1366 1478 1497 1530 gradu
1527 1479 1626 1518 sint.
1675 1491 1779 1526 eam,

349 1550 454 1588 quae
487 1549 663 1575 nouerca
695 1536 762 1575 uel
793 1537 986 1587 priuigna
1018 1536 1085 1575 uel
1117 1548 1247 1575 nurus
1273 1536 1341 1575 uel
1363 1548 1503 1575 socrus
1525 1542 1667 1575 nostra
1689 1535 1780 1582 fuit„

305 1607 315 1630 A
350 1606 519 1633 uxorem
552 1593 708 1632 ducere
739 1606 819 1632 non
853 1605 1086 1645 possumus.
1142 1593 1185 1631 Si
1208 1594 1304 1644 quis
1326 1606 1415 1631 eam
1439 1605 1562 1644 quam
1585 1605 1668 1632 non
1690 1592 1787 1631 licet

350 1663 520 1690 uxorem
543 1649 733 1699 duxerit,
773 1651 977 1689 incestum
1009 1650 1318 1689 matrimonium
1343 1650 1570 1689 contrahit:
1606 1649 1785 1701 ideoque

349 1708 470 1747 liberi
501 1708 542 1745 in
573 1713 770 1758 potestate
803 1707 892 1745 eius
921 1719 1003 1745 non
1037 1707 1163 1757 fiunt7
1197 1706 1272 1745 sed
1303 1708 1421 1758 quasi
1450 1707 1576 1759 uulgo
1598 1707 1786 1758 concepti

349 1765 481 1817 spurii
504 1771 616 1803 sunt.

300 1820 322 1856 8
465 1820 648 1859 Conubia
682 1821 988 1859 interueniente
1010 1819 1131 1859 liberi
1153 1833 1320 1872 semper
1339 1827 1500 1872 patrem
1523 1826 1781 1871 sequuntur:

350 1891 430 1917 non
465 1879 769 1916 interueniente
800 1876 976 1916 conubio
1008 1878 1150 1916 matris
1182 1876 1417 1916 condicioni
1445 1876 1671 1927 accedunt7
1713 1889 1788 1916 ex-

351 1942 470 1987 cepto
502 1948 547 1974 eo
577 1936 647 1985 qui
682 1947 733 1973 ex
754 1935 976 1986 peregrino
999 1941 1038 1973 et
1060 1935 1152 1973 ciue
1177 1935 1355 1974 Romana
1378 1935 1629 1986 peregrinus
1651 1934 1788 1974 nasci-

351 2000 438 2041 tur,
475 1992 669 2043 quoniam
705 1992 769 2030 lex
792 1992 949 2030 Minicia
973 2004 1024 2030 ex
1047 1991 1245 2031 alterutro
1266 1993 1485 2043 peregrino
1508 1998 1647 2030 natum
1670 1990 1788 2030 dete-

301 2049 323 2085 9
353 2051 473 2088 rioris
496 2049 682 2100 parentis
705 2048 985 2087 condicionem
1008 2048 1127 2099 sequi
1150 2047 1281 2087 iubet.
1336 2049 1392 2087 Ex
1423 2049 1515 2088 ciue
1538 2048 1718 2088 Romano
1748 2054 1788 2087 et

443 2188 459 2215 3
488 2188 582 2216 certa
609 2193 673 2216 om.
699 2184 723 2217 C
768 2182 780 2226 Η
829 2187 845 2215 5
872 2183 906 2224 ἓξ
927 2187 988 2216 6.7
1017 2193 1061 2215 ea:
1079 2185 1174 2215 titulo
1200 2184 1243 2216 de
1270 2185 1401 2226 nuptiis
1425 2187 1596 2224 excerpsit
1617 2184 1716 2223 Coll.,
1743 2185 1786 2224 cs.

348 2231 461 2270 praes.
479 2239 514 2269 p.
533 2234 550 2262 3
586 2229 598 2271 ΙΙ
633 2232 650 2260 6
669 2230 723 2269 ex]
745 2232 775 2260 et
800 2230 824 2261 C
855 2227 867 2271 Η
896 2232 912 2260 8
934 2231 1025 2261 iusto
1049 2229 1073 2261 C
1104 2227 1116 2271 ΙΙ
1146 2233 1164 2260 9
1184 2233 1255 2261 tam
1274 2239 1292 2261 a
1312 2230 1493 2261 masculos
1516 2230 1540 2262 C
1568 2228 1573 2272 1
1615 2232 1654 2261 42
1675 2238 1789 2261 conu-

355 2277 450 2307 bium
470 2288 511 2305 μ
531 2276 661 2308 habent
686 2275 728 2307 Ca
759 2274 771 2316 ΙΙ
806 2279 842 2306 45
866 2276 999 2306 infinite
1019 2284 1081 2306 om.
1108 2275 1190 2307 Coll.
1217 2274 1229 2318 Η
1253 2277 1296 2307 sit
1320 2275 1417 2313 Con„
1438 2284 1502 2307 om.
1528 2275 1553 2307 C
1585 2273 1589 2317 1
1623 2277 1662 2306 48
1681 2276 1787 2307 etiam

352 2330 416 2353 om.
442 2321 523 2353 Con.
572 2320 584 2363 ΙΙ
633 2325 672 2352 49
701 2323 835 2352 tantum
859 2321 955 2357 Coll.‚
985 2323 1101 2352 tamen
1124 2320 1149 2352 C
1185 2320 1197 2363 Η
1238 2320 1364 2353 fratres
1387 2321 1428 2353 Ca
1474 2319 1487 2363 Η
1533 2320 1692 2353 filianon
1716 2320 1740 2353 C
1777 2318 1790 2362 Ι]

352 2368 422 2399 tilia
454 2367 499 2405 C,
535 2376 599 2398 om.
631 2365 710 2398 Coll.
760 2364 773 2409 Η
819 2369 880 2397 aut
914 2368 1021 2398 amita
1057 2367 1111 2398 uel
1147 2370 1336 2399 matertera
1363 2366 1406 2405 C,
1444 2376 1511 2398 nec
1543 2367 1688 2399 amitam
1722 2375 1789 2398 nec

354 2415 581 2444 materteram
604 2413 674 2451 (-ra
696 2412 807 2443 Coll.⁸*'
832 2412 947 2450 Colm)
972 2411 1052 2443 Coll.
1094 2410 1106 2452 Η
1147 2414 1187 2442 20
1215 2413 1285 2443 sint
1305 2412 1400 2448 Coll.,
1428 2413 1474 2443 sit
1495 2411 1520 2444 C
1552 2409 1565 2453 ΙΙ
1600 2420 1679 2444 eam
1697 2421 1788 2452 quae

356 2457 452 2497 con„
479 2457 676 2499 eademque
695 2467 805 2489 uxore
829 2457 853 2489 C
898 2455 910 2498 11
958 2459 994 2487 24
1027 2466 1136 2488 norus
1160 2458 1213 2496 Ca,
1242 2467 1334 2499 quae
1359 2466 1471 2489 nurus
1492 2456 1575 2489 Coll.
1616 2455 1628 2499 ΙΙ
1668 2459 1787 2489 nostra

354 2513 417 2534 om.
442 2503 522 2535 coll.
556 2501 569 2546 ΙΙ
601 2506 642 2534 22
661 2512 809 2535 uxorem
833 2502 930 2537 Coll.v
951 2511 1015 2533 om.
1042 2503 1066 2534 C
1085 2503 1138 2542 (cf.
1161 2504 1204 2534 ad
1222 2513 1256 2535 u.
1278 2505 1331 2542 20)
1367 2500 1380 2545 Η
1412 2505 1450 2533 24
1473 2504 1524 2534 eis
1546 2502 1627 2535 Coll.
1655 2499 1667 2543 ΙΙ
1701 2511 1790 2534 con—

354 2551 515 2590 couccpti
547 2550 589 2581 Ca
644 2547 647 2590 Ι
695 2551 735 2579 25
769 2549 883 2589 spei-ci
914 2547 974 2582 Ca,
1004 2549 1122 2589 spurci
1154 2547 1196 2581 Cb
1250 2547 1263 2591 ΙΙ
1319 2551 1359 2579 26
1387 2548 1583 2580 conubium
1609 2558 1652 2578 at*
1679 2549 1790 2580 inter-

354 2596 557 2627 uenientem
581 2595 605 2626 C
643 2593 647 2635 Ι
679 2597 719 2626 27
749 2593 954 2626 conditione
976 2593 1000 2624 C
1029 2590 1042 2635 ΙΙ
1074 2596 1115 2625 28
1143 2594 1196 2634 eo]
1217 2603 1299 2626 eum
1322 2593 1347 2626 C
1376 2591 1389 2635 ΙΙ
1421 2596 1461 2624 29
1480 2594 1651 2634 quoniam
1670 2604 1688 2622 ωε
1713 2594 1787 2628 (non

354 2641 432 2679 0110)
457 2641 511 2672 lex
534 2640 575 2672 Ca
606 2639 618 2682 ΙΙ
652 2641 794 2671 minicia
819 2639 893 2671 Gai.
918 2643 947 2671 11¹.
968 2641 1024 2675 78,
1047 2641 1182 2671 mensia
1206 2640 1230 2672 C
1260 2638 1272 2682 ΙΙ
1308 2641 1391 2671 nato
1410 2639 1604 2671 deteriores
1622 2642 1789 2680 parentes

355 2686 560 2717 eonditione
581 2685 606 2717 C
