1942 3081
258 315 278 352 ,μή

309 75 485 113 Pau1.1V,
509 77 561 107 4ο.
585 78 618 106 41
815 99 929 104 —-
992 77 1070 115 104
1130 98 1242 104 -..-.

307 199 462 239 *fertur
493 207 534 239 et
564 200 616 241 ab
646 201 697 240 iis
727 201 912 253 legitima
943 200 1155 241 hereditas
1184 200 1337 240 aditur.
1402 200 1577 252 perinde
1607 207 1746 241 autem

307 257 476 296 *matris
506 259 705 298 certiores
744 259 817 297 filii
840 261 966 308 fiunt,
1003 271 1085 298 non
1107 260 1253 298 nuntio
1275 265 1466 310 accepto,
1503 257 1578 298 sed
1599 271 1673 310 pro
1695 259 1747 297 li-

309 313 459 366 *quido
481 323 705 367 comperto,
731 316 843 367 quod
867 317 1058 356 intestata
1081 315 1322 355 decesserit.
1367 316 1494 355 Filius
1517 321 1744 355 maternam

306 370 606 413 ‘hereditatem
642 373 905 425 eandemque
940 374 1169 425 legitimam
1205 374 1284 412 nisi
1321 371 1513 412 adeundo
1541 385 1746 424 quaerere

306 430 412 468 *non
435 432 611 481 potestf‘

833 543 882 596 [x1
942 557 990 582 nn
1022 544 1218 596 GnAnmvs]

421 621 657 676 *Eoe'ppotm
683 624 972 674 cognationum
994 623 1153 662 directo
1176 624 1307 662 limite
1331 624 1373 662 in
1396 623 1499 663 duas
1521 624 1652 664 lineas
1676 636 1746 664 se-

306 682 554 732 ἐξ1131311431,
582 692 759 731 quarum
781 681 912 719 altera
934 682 1139 732 superior,
1165 680 1295 720 altera
1317 680 1510 720 inferior:
1545 694 1597 721 ex
1618 693 1746 732 supe-

305 738 437 776 *riore
459 743 600 777 autem
629 743 669 777 et
701 737 884 776 secundo
915 737 1048 789 gradu
1084 743 1346 777 transuersae
1376 738 1509 778 lineae
1537 738 1739 790 pendent,

305 796 432 846 *quas
454 807 597 834 omnes
613 795 760 835 latiore
781 801 958 834 tractatu
976 794 1116 833 habito
1135 795 1176 833 in
1198 793 1354 834 librum
1372 795 1626 847 singularem
1647 809 1745 836 con-

304 852 581 891 *texuimus*
641 852 776 890 Primo
804 851 937 904 gradu
966 852 1172 904 superiori
1193 852 1302 891 linea
1333 853 1600 892 continentur
1628 860 1746 904 pater

305 915 451 958 mater,
484 908 669 948 inferiori
692 909 802 948 filius
826 910 931 948 filia:
959 909 1114 960 quibus
1131 909 1268 948 nullae
1290 909 1395 948 aliae
1420 921 1622 961 personae
1650 911 1746 950 iun-

305 971 473 1018 guntur.
509 966 699 1005 Secundo
718 965 849 1018 gradu
870 968 1137 1006 continentur
1152 967 1358 1018 superiori
1380 966 1492 1006 linea
1508 979 1613 1006 auus
1633 968 1740 1018 auia7

306 1023 491 1062 inferiori
514 1036 644 1075 nepos
665 1025 818 1075 neptis,
846 1031 1087 1064 transuersa
1109 1022 1237 1062 frater
1258 1036 1384 1062 soror.
1420 1036 1528 1075 quae
1545 1037 1745 1076 personae

306 1080 595 1132 duplicantur:
622 1093 728 1120 auus
749 1082 859 1119 enim
882 1087 922 1120 et
943 1081 1037 1120 auia
1058 1087 1141 1119 tam
1164 1093 1215 1119 ex
1237 1088 1355 1132 patre
1373 1093 1497 1132 quam
1521 1094 1574 1120 ex
1595 1088 1740 1132 matre7

305 1150 434 1189 nepos
463 1138 603 1189 neptis
632 1144 715 1177 tam
748 1151 800 1177 ex
822 1138 904 1177 filio
927 1150 1051 1189 quam
1075 1151 1127 1177 ex
1150 1138 1255 1188 filia,
1292 1137 1421 1177 frater
1451 1151 1566 1177 soror
1586 1145 1670 1178 tam
1693 1151 1746 1178 ex

304 1202 420 1246 patre
442 1207 567 1246 quain
590 1208 643 1234 ex
672 1201 804 1235 matre
827 1196 1106 1247 accipiuntur.
1170 1207 1278 1246 quae
1299 1208 1501 1246 personae
1528 1197 1746 1248 sequenti-

308 1252 383 1291 bus
412 1264 578 1303 quoque
608 1252 811 1304 gradibus
842 1252 1035 1291 similiter
1064 1265 1137 1304 pro
1170 1251 1403 1291 substantia
1435 1265 1603 1303 earum,
1637 1265 1744 1304 quae

307 1310 348 1347 in
371 1321 537 1360 quoque
561 1309 692 1361 gradu
715 1310 960 1360 consistunt,
988 1310 1077 1361 ipso
1098 1308 1246 1348 ordine
1269 1309 1550 1361 duplicantur.
1606 1311 1744 1349 Tertio

305 1365 437 1417 gradu
450 1367 629 1406 ueniunt
645 1379 770 1418 supra
787 1379 968 1418 proauus
990 1367 1182 1418 proauia:
1210 1366 1314 1405 infra
1334 1379 1538 1419 pronepos
1559 1380 1743 1419 pronep-

305 1424 378 1462 tis:
427 1436 479 1462 ex
507 1423 676 1475 obliquo
698 1424 836 1463 fratris
868 1425 1107 1475 sororisque
1131 1423 1240 1462 filius
1263 1424 1366 1474 filia,
1403 1430 1578 1475 patruus
1600 1425 1738 1474 amita⁷

306 1479 347 1519 id
370 1487 432 1519 est
453 1482 583 1532 patris
601 1480 728 1519 frater
750 1487 790 1520 et
812 1493 939 1532 soror,
967 1481 1200 1520 auunculus
1222 1487 1469 1532 matertera,
1498 1480 1540 1520 id
1562 1487 1625 1521 est
1655 1495 1744 1521 ma-

305 1539 380 1576 tris
403 1537 532 1577 frater
555 1544 595 1577 et
616 1551 747 1577 soror.
791 1539 946 1585 Quarto
970 1537 1103 1589 gradu
1123 1538 1302 1577 ueniunt
1324 1551 1453 1590 supra
1473 1537 1634 1578 abauus
1665 1538 1743 1579 ab-

303 1595 418 1634 auia:
447 1595 555 1634 infra
573 1594 758 1647 abnepos
777 1595 994 1647 abneptis:
1024 1608 1077 1634 ex
1093 1594 1260 1647 obliquo
1279 1595 1420 1634 fratris
1437 1601 1477 1635 et
1494 1596 1647 1635 sororis
1664 1609 1743 1635 ne-

304 1665 377 1703 pos
398 1653 550 1704 neptis,
577 1652 706 1691 frater
726 1653 930 1705 patruelis
947 1665 1062 1691 soror
1083 1653 1299 1704 patruelis⁷
1328 1651 1370 1692 id
1387 1659 1449 1692 est
1470 1654 1609 1704 patrui
1632 1653 1742 1693 filius

304 1709 409 1758 filia,
447 1709 722 1749 consobrinus
743 1709 1012 1760 consobrina,
1048 1709 1091 1748 id
1113 1715 1175 1748 est
1203 1709 1401 1749 auunculi
1423 1715 1465 1748 et
1496 1716 1742 1750 materterae

304 1766 413 1805 filius
436 1766 539 1816 filia,
577 1768 775 1805 amitinus
796 1767 988 1816 amitina⁷
1026 1766 1069 1805 id
1091 1772 1154 1806 est
1175 1767 1324 1806 amitae
1348 1766 1458 1806 filius
1481 1767 1586 1806 filia:
1623 1767 1745 1806 item—

304 1836 386 1874 que
410 1823 660 1874 consobrini,
687 1825 758 1875 qui
782 1836 834 1862 ex
860 1823 1025 1863 duabus
1046 1823 1260 1863 sororibus
1281 1830 1524 1863 nascuntur.
1590 1824 1744 1876 quibus

302 1879 505 1920 adcrescit
534 1887 709 1932 patruus
739 1893 914 1933 magnus
944 1881 1069 1919 amita
1099 1893 1268 1932 magna,
1310 1880 1352 1920 id
1384 1887 1447 1920 est
1482 1881 1550 1920 aui
1580 1882 1744 1933 paterni

305 1937 434 1976 frater
456 1944 495 1977 et
517 1950 654 1977 soror:
690 1938 924 1977 auunculus
956 1950 1132 1989 magnus
1162 1944 1388 1978 matertera
1409 1951 1580 1990 magna,
1615 1938 1659 1978 id
1680 1945 1744 1979 est

306 2026 310 2028 -
320 2025 333 2033 ι
339 2026 354 2033 κ.
359 2026 377 2033 Ὢ
382 2027 387 2030 —
391 2027 630 2035 NWN>A2WW
736 2027 1134 2035 WWWWWWVWX‘
1138 2027 1196 2035 ss!
1200 2028 1268 2034 *su-J*
1274 2028 1283 2032 r
1288 2027 1367 2035 sas—N
1372 2028 1410 2035 Ar
1414 2028 1495 2035 aarum·
1500 2028 1517 2035 s
1521 2028 1645 2036 ffwsxs
1650 2029 1674 2036 s»
1678 2030 1745 2037 ww

396 2075 449 2111 40,
471 2075 486 2103 4
509 2086 550 2100 =
568 2073 747 2113 Appendia:
766 2076 796 2113 4,
819 2076 835 2105 8
893 2073 906 2114 Η
965 2076 1018 2112 44,
1042 2076 1078 2104 la
1096 2087 1137 2101 =
1156 2074 1234 2115 Diq.
1256 2076 1311 2113 38,
1334 2077 1386 2113 40,
1408 2076 1425 2104 9
1481 2075 1495 2115 ll
1551 2077 1586 2106 44
1610 2088 1652 2102 =
1671 2075 1744 2107 Lea>

311 2118 577 2159 H‹⁷z'sz·90ch07·um
595 2121 627 2159 4,
649 2121 660 2149 4

307 2198 384 2205 βίη»,
418 2197 593 2204 ΪΗΛἼΜ-,Ὣχ-ἎΑ
630 2203 633 2204 ⁷
650 2202 656 2204 s
727 2197 914 2205 «2>222«.*s<wv

1016 2197 1190 2205 xmvvwrxrva
1201 2199 1275 2206 «Ἤν

1447 2199 1741 2206 vm«

394 2245 405 2273 4
438 2243 482 2275 ab
503 2268 510 2275 .
533 2268 540 2275 .
564 2267 572 2277 .
593 2245 610 2273 2
630 2243 768 2284 matris]
796 2244 878 2275 haec
902 2246 951 2276 sic
968 2246 1127 2276 restitue:
1154 2244 1199 2276 ab
1225 2245 1268 2277 iis
1294 2244 1474 2277 hereditas
1499 2245 1628 2277 aditur.
1669 2254 1741 2277 non

300 2291 383 2321 ante
401 2292 521 2321 autem
539 2291 665 2321 matris
684 2290 838 2329 legitima
857 2290 1037 2322 hereditas
1055 2291 1146 2322 adiri
1164 2292 1280 2332 potest
1297 2299 1405 2331 quam
1446 2291 1460 2331 ΙΙ
1502 2293 1541 2321 40
1561 2299 1650 2331 quas
1670 2314 1678 2322 .
1700 2316 1707 2322 .
1732 2315 1740 2322 .

302 2337 554 2367 contexuimus
574 2335 811 2374 (conteximus
830 2335 868 2375 F)
893 2337 1085 2368 addiderint
1102 2336 1281 2368 Iustiniani
1328 2336 1341 2376 ΙΙ
1392 2339 1430 2367 47
1458 2336 1561 2377 quae]
1583 2337 1740 2378 itemque

299 2390 366 2412 scr.
391 2382 560 2421 (itemque
579 2381 644 2412 hae
663 2381 827 2420 Huschke.)
887 2381 900 2421 11
959 2383 997 2412 48
1024 2391 1148 2413 earum
1166 2391 1257 2422 quae
1276 2383 1311 2412 in
1330 2391 1473 2423 quoque
1492 2383 1539 2420 M,
1560 2391 1685 2414 eorum
1706 2384 1742 2414 in

300 2435 454 2467 quorum
482 2427 526 2464 L,
555 2435 751 2467 earumque
778 2427 811 2457 in
839 2436 908 2467 quo
934 2428 989 2458 uel
1014 2436 1212 2468 eorumque
1239 2428 1274 2458 in
1300 2436 1445 2468 quoquo
1471 2429 1599 2459 codices
1624 2430 1743 2467 optimi

300 2473 399 2513 Leyis
417 2473 537 2514 Wisiq.
580 2472 592 2513 ΙΙ
633 2475 670 2503 24
695 2471 816 2512 amita]
837 2475 869 2503 et
887 2474 995 2504 amita
1014 2473 1086 2504 Lea:
1104 2473 1223 2514 Wisiy.
1266 2473 1280 2513 l}
1321 2475 1360 2504 22
1380 2473 1583 2513 matertera]
1605 2476 1637 2505 et
1655 2476 1738 2506 mat.

302 2519 373 2549 Leoe
394 2518 514 2559 Wisiq.
572 2518 586 2558 Η
643 2520 682 2548 25
710 2517 818 2549 frater
835 2518 908 2549 Leae
934 2518 1069 2558 Wisiq.,
1091 2527 1155 2550 om.
1179 2519 1241 2550 ML
1298 2518 1311 2558 ΙΙ
1369 2521 1410 2549 26
1436 2518 1507 2550 filia
1526 2519 1602 2556 ML,
1623 2519 1741 2552 filiaue

301 2565 372 2594 Lex
395 2563 514 2605 Wisigy.
551 2564 564 2605 Η
597 2563 837 2596 consobrinus
858 2588 865 2595 .
889 2588 896 2596 .
920 2588 926 2595 .
947 2566 988 2594 27
1009 2564 1079 2595 filia
1095 2567 1173 2604 post
1190 2567 1230 2595 27
1251 2565 1382 2596 amitae
1400 2563 1495 2596 filius
1512 2563 1584 2596 filia
1602 2565 1742 2597 collocat

300 2609 465 2645 Huschke,
487 2609 529 2650 cf.
552 2608 585 2651 §§
605 2612 636 2641 5.
660 2612 677 2641 6

1773 804 1811 832 40

1773 1091 1811 1120 45

1769 1377 1810 1406 20

1769 1662 1810 1692 25

1770 1947 1810 1976 30
