1966 3081
706 183 817 188 .--
879 162 900 198 7
963 183 1073 188 .-.
1493 163 1602 201 xisti

93 283 144 320 ⁴6
285 287 363 331 Qui
396 291 555 324 tantum
590 285 629 322 in
663 283 796 330 bonis
834 297 914 322 non
936 285 1058 323 etiam
1083 297 1134 323 ex
1159 285 1246 323 iure
1268 285 1494 330 Quiritium
1518 298 1607 325 ser—

172 355 270 382 uum
304 343 441 389 hahet,
477 339 806 380 manumittendo
831 341 1019 380 Latinum
1051 340 1160 379 facit.
1218 342 1257 379 in
1292 341 1411 380 bonis
1444 350 1603 382 tantum

171 399 346 439 alicuius
385 410 535 437 seruus
576 404 638 436 est
676 397 792 436 uelut
834 397 909 436 hoc
948 396 1093 444 modo,
1138 397 1171 435 si
1210 398 1314 436 ciuis
1347 399 1553 438 Romanus
1585 414 1603 437 a

172 457 264 496 ciue
295 456 472 494 Romano
502 466 673 494 seruum
711 455 880 503 emerit,
926 455 1041 505 isque
1081 453 1258 493 traditus
1298 455 1334 492 ei
1375 455 1427 493 sit
1470 468 1604 506 neque

174 520 309 552 tamen
350 511 607 562 mancipatus
650 512 686 550 ei
724 523 863 562 neque
897 511 937 549 in
971 512 1061 550 iure
1093 523 1233 550 cessus
1264 524 1403 562 neque
1435 511 1486 550 ab
1520 515 1603 564 ipso
1633 521 1646 547 eu

171 582 278 609 anno
309 580 524 620 possessus
554 569 629 607 sit:
667 580 760 607 nam
794 567 995 619 quamdiu
1026 568 1172 607 horum
1203 567 1306 620 quid
1340 568 1420 615 fiat,
1460 570 1493 608 is
1515 582 1604 608 ser-

172 638 250 666 uus
282 626 322 664 in
355 625 474 664 bonis
505 624 676 676 quidem
708 626 907 676 emptoiis
939 631 1023 673 est
1061 637 1119 664 ea}
1151 625 1240 664 iure
1272 626 1498 671 Quiritium
1530 638 1601 665 au-

94 680 143 718 47
170 690 252 722 tem
285 682 515 722 uenditoiis
547 688 622 720 est
686 682 854 731 Mulier,
900 694 1007 733 quie
1041 683 1079 721 in
1115 682 1240 721 tutela
1274 688 1356 725 est,
1397 683 1493 721 item
1527 696 1605 734 pu-

94 737 146 774 48
172 740 295 791 pilius
338 745 377 777 et
423 739 576 790 pupilla
626 740 917 778 manumittere
966 751 1046 778 non
1085 746 1272 790 possunt.
1338 739 1603 779 Communem

171 809 341 836 seruum
372 807 494 835 unus·
514 808 566 834 ex
597 795 775 834 dominis
806 795 1134 835 manumittendo
1161 803 1321 847 partem
1345 809 1460 836 suam
1483 798 1607 835 amit-

171 854 235 903 tit7
271 865 403 904 eaque
435 852 639 892 adcrescit
671 854 791 902 socio,
830 854 1008 892 maxime
1030 854 1064 892 si
1088 866 1134 891 eo
1158 852 1276 892 modo
1298 855 1603 904 manumiserit‚

172 923 267 962 quo7
302 911 336 949 si
366 911 580 961 proprium
614 909 798 959 habereu
834 911 969 949 ciuem
1001 910 1229 948 Romanum
1263 910 1448 950 facturus
1480 917 1603 950 esset.

174 980 268 1006 nam
301 968 334 1006 si
359 968 468 1006 inter
488 967 640 1005 amicos
662 979 756 1005 eum
779 968 1083 1015 manmniserit,
1122 967 1335 1019 plerisque
1357 968 1489 1018 placet
1513 980 1606 1007 eum

95 1021 146 1059 49
174 1024 278 1063 nihil
311 1024 461 1075 egisse.
525 1024 705 1073 Seruus,
744 1025 785 1062 in
818 1036 899 1075 quo
931 1023 1103 1062 alterius
1135 1030 1195 1063 est
1229 1024 1512 1067 ususfructus,
1548 1025 1609 1063 al-

173 1082 304 1120 terius
334 1082 588 1133 proprietas,
634 1093 656 1119 α
690 1081 960 1132 proprietatis
991 1079 1157 1120 domino
1190 1082 1470 1120 manumissus
1504 1080 1610 1120 liber

174 1151 256 1177 non
290 1138 347 1187 tit⁷
383 1138 456 1177 sed
488 1150 637 1176 seruus
670 1138 758 1176 sine
791 1136 956 1175 domino
989 1143 1064 1176 est.

94 1191 146 1229 20
287 1195 377 1233 Post
408 1200 580 1233 mortem
613 1193 779 1233 heredis
811 1201 880 1233 aut
912 1200 1008 1233 ante
1030 1194 1334 1233 institutionem
1358 1194 1525 1233 heredis
1548 1201 1611 1233 te-

174 1257 377 1290 stamento
409 1250 581 1290 libertas
613 1251 703 1290 dari
735 1264 816 1289 non
849 1257 997 1302 potest,
1035 1258 1208 1303 excepto
1230 1258 1478 1290 testamento
1502 1252 1611 1289 mili—

95 1305 141 1343 24
174 1309 241 1347 tis.
296 1309 409 1347 Inter
439 1307 598 1348 medias
630 1307 833 1347 heredum
865 1308 1147 1347 institutiones
1175 1307 1346 1348 libertas
1367 1307 1460 1348 data
1483 1310 1612 1348 utris-

174 1376 256 1416 que
285 1364 537 1404 adeuntibus
568 1377 649 1404 non
681 1366 807 1404 ualet.
862 1365 946 1404 solo
977 1371 1116 1404 autem
1146 1366 1285 1416 priore
1316 1365 1498 1405 adeunte
1523 1367 1610 1405 iure

174 1423 345 1474 antiquo
377 1422 510 1461 ualet:
548 1421 621 1461 sed
642 1429 733 1474 post
755 1422 889 1473 legem
914 1423 1079 1474 Papiam
1103 1423 1346 1474 Poppaeam7
1383 1435 1489 1474 quae
1517 1435 1615 1474 par-

174 1486 258 1518 tem
290 1492 371 1518 non
403 1478 596 1518 adeuntis
628 1478 824 1518 caducam
859 1478 974 1528 facit7
1019 1479 1052 1517 si
1091 1479 1263 1530 quidem
1302 1480 1460 1529 primus
1492 1480 1612 1518 heres

175 1536 244 1575 uel
276 1536 339 1575 ius
371 1535 584 1575 liberorum
608 1536 672 1574 uel
695 1537 755 1575 ius
777 1537 995 1587 antiquum
1018 1535 1181 1585 habeat7
1216 1537 1356 1575 ualere
1381 1549 1470 1575 eam
1492 1549 1613 1587 posse

176 1593 349 1645 placuit:
386 1592 498 1644 quod
530 1594 563 1631 si
594 1605 674 1631 non
708 1592 872 1641 habeat,
909 1605 990 1631 non
1023 1593 1163 1632 ualere
1186 1599 1358 1632 constat.
1393 1593 1506 1644 quod
1529 1594 1612 1632 loco

177 1662 259 1688 non
290 1649 482 1689 adeuntis
512 1650 699 1701 legatarii
720 1656 861 1701 patres
884 1649 1061 1688 heredes
1084 1649 1202 1688 fiunt.
1257 1657 1352 1689 sunt
1376 1657 1512 1689 tamen
1541 1651 1611 1701 qui

97 1703 150 1742 29
178 1714 216 1746 et
249 1706 323 1745 hoc
355 1719 452 1746 casu
484 1707 629 1745 ualere
662 1719 748 1745 eam
781 1719 900 1758 posse
933 1705 1091 1745 dicunt.
1137 1707 1215 1752 Qui
1238 1713 1484 1745 testamento
1508 1706 1614 1746 liber

177 1776 267 1803 esse
301 1764 438 1802 iussus
471 1769 554 1811 est,
600 1776 694 1802 mox
731 1775 855 1814 quam
888 1763 953 1802 uel
983 1775 1092 1802 unus
1123 1776 1175 1802 ex
1206 1763 1434 1803 heredibus
1465 1764 1614 1804 adierit

97 1817 148 1856 23
178 1819 468 1869 hereditatem,
505 1820 613 1860 liber
643 1820 701 1859 fit..
756 1821 865 1859 Iusta
898 1819 1070 1859 libertas
1096 1826 1345 1860 testamento
1368 1827 1502 1872 potest
1524 1820 1612 1860 dari

177 1878 241 1917 his
263 1878 412 1927 seruis,
449 1878 519 1929 qui
542 1878 779 1917 testamenti
804 1876 983 1916 faciendi
1007 1884 1045 1916 et
1070 1879 1214 1916 mortis
1236 1884 1421 1930 tempore
1446 1890 1503 1917 ear
1526 1879 1615 1918 iure

176 1935 400 1981 Quiritium
431 1936 639 1974 testatoris
669 1934 852 1974 fuerunt.

98 1990 149 2028 24
291 1993 373 2031 Lex
393 1991 506 2031 Fufia
529 1991 700 2030 Caninia
730 1991 847 2030 iubet
877 1997 1122 2030 testamento
1146 2004 1196 2031 ex
1217 1991 1353 2031 tribus
1375 1993 1510 2031 seruis
1533 2004 1613 2030 non

178 2049 321 2100 plures
354 2061 478 2100 quam
510 2048 613 2088 duos
645 2049 892 2097 manumitti
930 2055 969 2087 et
1001 2061 1169 2100 usque
1159 2048 1212 2088 ad
1233 2048 1378 2088 decem
1401 2048 1614 2088 dimidiam

178 2111 340 2157 partem
380 2107 674 2145 manumittere
712 2080 924 2144 concedit:
970 2118 991 2144 a
1024 2104 1159 2144 decem
1193 2118 1339 2157 usque·
1361 2105 1412 2145 ad
1444 2107 1614 2153 triointa

178 2163 341 2201 tertiam
369 2168 542 2214 partem
578 2169 624 2202 ut
646 2169 785 2202 tamen
808 2161 944 2201 adhuc
967 2163 1156 2214 quinque
1181 2164 1473 2202 manumitteie
1499 2164 1617 2201 liceat

254 2288 269 2294 ,ν
283 2287 398 2295 ‘xz-ms
418 2288 515 2295 *numu
539 2288 551 2294 -μ
563 2287 782 2295 »1⁷.*1v⁷»«>1»2--1v
795 2288 830 2295 ’.κ
850 2290 856 2294 ι
876 2288 888 2292 Α
899 2288 951 2295 -κνικ
966 2288 981 2294 «1
990 2287 1108 2295 *rvau
1115 2288 1142 2295 κ»
1149 2288 1176 2294 »J
1186 2287 1408 2295 Aarxmrmffffm

273 2370 285 2398 4
318 2367 406 2408 iure]
429 2368 483 2399 ius
506 2367 530 2400 C
560 2366 572 2410 ΙΙ
607 2369 623 2397 4
644 2367 735 2408 isqui
757 2366 781 2399 C
810 2365 821 2409 ΙΙ
855 2369 872 2398 6
891 2376 985 2399 anno
1002 2369 1035 2398 in
1054 2368 1157 2399 litura
1177 2368 1313 2406 scripsit
1329 2376 1452 2399 manvus
1470 2368 1579 2398 altera
1611 2364 1617 2451 ἱ

182 2415 199 2443 7
228 2422 270 2444 ex
288 2413 374 2453 iure]
396 2415 429 2444 et
460 2422 503 2445 us
525 2412 549 2445 C
582 2411 595 2454 ΙΙ
634 2415 672 2443 40
693 2412 846 2444 admittit
868 2412 892 2445 C
925 2411 937 2455 ΙΙ
976 2415 1014 2444 45
1041 2413 1072 2453 a]
1094 2412 1140 2444 ad
1162 2413 1186 2445 C
1219 2411 1232 2454 ΙΙ
1270 2415 1309 2443 19
1338 2414 1524 2453 utriusque
1547 2412 1571 2444 C

182 2460 218 2489 24
249 2459 453 2500 pompeiam
483 2459 524 2491 Ca
569 2457 581 2500 ΙΙ
629 2461 669 2489 23
706 2457 899 2490 liberorum
927 2458 984 2490 uel
1010 2461 1064 2490 ius
1091 2459 1305 2491 Lachmann,
1334 2467 1398 2489 om.
1431 2457 1471 2489 C:
1506 2459 1616 2496 possis

182 2505 284 2535 etiam
308 2513 385 2536 cum
411 2505 617 2536 Mommseno
644 2505 754 2545 patris
779 2504 836 2535 uel
865 2505 919 2535 ius
944 2505 1102 2543 supplere
1138 2502 1150 2546 ΙΙ
1190 2504 1311 2536 ualere
1341 2501 1384 2535 Cb
1409 2512 1546 2541 maenus
1563 2511 1616 2534 se-

181 2550 321 2588 cunda),
348 2550 474 2581 ualeat*
504 2549 545 2582 Ca
584 2548 595 2590 [ᾗ
636 2551 675 2580 26
703 2550 794 2591 eam]
822 2551 898 2581 eius
924 2559 1002 2582 eam
1034 2549 1058 2582 C
1095 2547 1107 2591 ΙΙ
1147 2552 1188 2580 27
1215 2557 1322 2590 quam
1350 2549 1407 2580 uel
1435 2549 1613 2586 Marezoll,

183 2596 347 2634 quamuis
376 2594 401 2627 C
437 2594 449 2635 ΙΙ
490 2597 530 2626 29
557 2595 630 2636 qui]
659 2596 720 2635 qui
746 2597 779 2627 et
806 2595 972 2636 Boeckiny
1011 2593 1023 2637 ΙΙ
1062 2603 1104 2626 ex
1131 2595 1218 2633 iure]
1248 2596 1279 2625 et
1305 2595 1358 2625 ius
1382 2594 1405 2626 C
1443 2592 1455 2634 11
1496 2596 1536 2624 30
1565 2596 1617 2625 te-

183 2642 401 2672 sta***tores
423 2640 447 2673 C
480 2638 492 2682 ΙΙ
529 2643 564 2671 34
593 2642 844 2672 testamentum
868 2641 892 2673 C
925 2638 937 2682 ΙΙ
975 2643 1014 2672 33
1039 2641 1179 2672 decimo
1203 2640 1247 2672 C:
1267 2642 1422 2678 expectes
1440 2638 1484 2670 ab
1502 2639 1618 2671 unde-

186 2685 255 2715 cim
273 2689 304 2716 et
321 2687 476 2718 similiter
493 2686 585 2726 infra
601 2695 635 2725 p.
658 2689 689 2720 8,
713 2689 723 2717 4
748 2695 766 2718 a
784 2686 896 2717 XXXI
916 2690 947 2718 et
966 2689 981 2717 3
1003 2696 1020 2717 a
1040 2686 1079 2716 CI

1634 803 1673 830 40

1637 1088 1676 1118 45

1636 1372 1677 1401 20

1638 1656 1680 1686 25

1641 1941 1680 1971 30
