1966 3081
718 202 829 208 -.-
890 179 940 217 37
1001 202 1113 208 --
1492 178 1630 218 v11›,29

203 319 281 345 nus
302 318 426 356 quam
451 310 607 356 partem
632 302 847 342 dimidiam
871 302 1072 341 bonorum
1096 309 1266 353 patrono
1291 302 1508 352 relinquat,
1535 315 1634 340 con-

203 370 263 401 tra
286 361 446 401 tabulas
476 360 709 400 testamenti
733 360 861 410 partis
891 358 1085 398 dimidiae
1117 358 1318 397 bonorum
1348 359 1552 409 possessio
1577 359 1631 396 illi

203 419 345 467 datur,
383 419 462 456 nisi
486 416 660 455 libertus
691 416 873 467 aliquem
898 428 949 455 ex
970 415 1228 454 naturalibus
1260 414 1400 453 liberis
1423 428 1633 453 suecesso-

202 489 289 515 rem
311 474 391 515 sibi
415 474 645 524 relinquat,
680 473 770 512 siue
795 473 985 511 intestato
1007 471 1183 511 decedat
1212 478 1253 510 et
1274 483 1443 510 uxorem
1467 470 1566 509 forte
1592 472 1630 509 in

202 545 326 571 mana
358 531 425 571 uel
447 530 689 582 adoptiuum
722 530 851 568 filium
882 529 1112 580 relinquat,
1148 540 1280 580 aeque
1313 528 1441 579 partis
1471 527 1632 566 mediae
1660 537 1676 563 ὅ

131 634 134 635 ⁷
201 589 403 628 bonorum
427 587 628 638 possessio
651 593 787 625 contra
811 598 906 625 suos
928 585 1106 624 heredes
1127 592 1298 637 patrono
1320 584 1455 623 datur.

152 648 176 685 Q
316 646 361 683 In
390 644 510 683 bonis
540 643 714 682 libertae
753 650 921 695 patrono
953 643 1056 681 nihil
1093 643 1197 682 iuris
1234 654 1285 680 ex
1315 641 1451 680 edicto
1486 640 1626 680 datur:

204 704 343 754 itaque
373 714 449 741 seu
476 731 746 740 ........
772 713 841 739 sea
871 701 1064 739 intestata
1096 700 1296 738 moriatur
1326 697 1498 746 liberta,
1525 710 1636 736 sem—

203 772 279 812 per
299 758 351 798 ad
374 771 468 797 eum
492 757 703 797 hereditas
724 758 930 809 pertinet,
956 758 1051 795 licet
1073 755 1193 795 liberi
1216 756 1296 795 sint
1319 754 1506 804 libertae,
1532 767 1636 805 quo—

152 820 174 857 3
203 818 314 855 niam
344 828 424 855 non
446 821 542 854 sunt
576 816 639 854 sui
665 814 842 854 heredes
865 815 1010 864 matri,
1047 819 1086 853 ut
1115 813 1273 852 obstent
1303 819 1489 864 patrono.
1553 813 1636 850 Lex

203 873 323 925 Papia
350 873 537 924 Poppaea
567 878 709 923 postea
732 871 901 910 libertas
924 878 1119 922 quattuor
1140 869 1366 909 liberorum
1398 869 1485 908 iure
1509 869 1635 907 tutela

203 937 470 982 patronorum
509 928 725 968 liberauit:
761 935 801 968 et
831 941 923 967 cum
961 928 1146 967 intulerit
1179 928 1257 965 iam
1294 938 1414 978 posse
1447 938 1516 964 eas
1545 926 1635 964 sine

202 987 443 1027 auctoritate
474 993 741 1037 patronorum
764 986 930 1035 testari,
957 985 1192 1036 prospexit,
1229 990 1273 1022 ut
1294 996 1368 1034 pro
1389 995 1564 1022 numero
1587 982 1636 1020 li-

204 1045 400 1083 berorum
431 1042 606 1082 libertae
638 1043 903 1094 superstitum
927 1042 1063 1081 uirilis
1094 1054 1190 1093 pars
1212 1047 1383 1092 patrono
1414 1039 1631 1078 debeatur.

154 1104 176 1141 4
205 1101 341 1140 Liberi
372 1100 534 1152 patroni
556 1100 692 1138 uirilis
721 1112 848 1138 sexus
878 1098 1023 1138 eadem
1046 1099 1137 1137 iura
1168 1099 1209 1136 in
1239 1097 1360 1135 bonis
1390 1096 1632 1135 libertorum

155 1159 178 1197 5
203 1165 423 1210 parentum
452 1169 621 1196 suorum
653 1156 830 1206 habent,
858 1168 964 1207 quae
996 1162 1035 1194 et
1066 1156 1155 1206 ipse
1186 1161 1401 1206 patronus.
1443 1153 1636 1192 Feminae

204 1228 305 1255 uero
339 1227 390 1253 ex
419 1215 509 1265 lege
541 1212 710 1264 quidem
743 1212 964 1252 duodecim
992 1211 1231 1251 tabularum
1260 1209 1438 1262 perinde
1468 1211 1532 1249 ius
1564 1209 1638 1248 ha-

205 1272 320 1322 bent,
346 1278 471 1323 atque
494 1271 665 1309 masculi
687 1277 954 1322 patronorum
977 1268 1112 1308 liberi.
1148 1274 1290 1307 contra
1313 1267 1476 1306 tabulas
1497 1272 1637 1306 autem

203 1328 445 1369 testamenti
472 1327 610 1367 liberti
641 1335 711 1366 aut
742 1326 794 1366 ab
826 1327 1018 1366 intestato
1049 1332 1190 1365 contra
1221 1338 1316 1364 suos
1347 1323 1524 1363 heredes
1555 1336 1637 1363 non

204 1386 415 1425 naturales
431 1384 634 1424 bonorum
649 1385 853 1435 possessio
871 1384 929 1423 eis
946 1396 1027 1422 non
1045 1383 1239 1434 competit
1257 1396 1263 1420 :
1286 1381 1360 1421 sed
1377 1381 1411 1420 si
1430 1381 1494 1420 ius
1510 1381 1638 1419 trium

206 1443 433 1482 liberorum
463 1441 722 1491 habuerunt,
763 1441 886 1480 etiam
923 1441 1019 1480 haec
1052 1441 1142 1479 iura
1173 1452 1225 1478 ex
1257 1439 1348 1490 lege
1380 1439 1502 1490 Papia
1534 1438 1639 1489 Pop-

157 1503 180 1539 6
203 1513 307 1552 paea
335 1499 646 1538 nanciscuntur.
702 1499 899 1537 Patronae
940 1499 979 1536 in
1008 1497 1130 1536 bonis
1165 1496 1410 1535 libertorum
1440 1494 1545 1534 illud
1575 1495 1638 1533 ius

206 1564 367 1597 tanturn
388 1556 614 1606 habebant,
649 1555 761 1607 quod
793 1556 860 1594 lex
882 1553 1101 1593 duodecim
1121 1553 1358 1592 tabularum
1382 1550 1634 1590 introduxit:

206 1614 281 1653 sed
311 1619 451 1666 postea
473 1613 540 1652 lex
561 1613 683 1664 Papia
706 1613 898 1665 nzycnuae
925 1618 1122 1663 patronae
1146 1609 1308 1650 duobus
1336 1608 1482 1648 liberis
1510 1609 1639 1647 hono—

208 1677 343 1721 ratae,
370 1670 592 1709 libertinae
614 1669 772 1719 tribus,
809 1668 850 1707 id
874 1668 976 1707 iuris
998 1667 1132 1716 dedit,
1159 1667 1269 1718 quod
1290 1673 1490 1718 patronus
1513 1664 1639 1704 habet

157 1732 178 1768 7
207 1741 259 1767 ex
280 1727 426 1767 edicto.
462 1728 564 1766 Item
586 1727 792 1777 ingenuae
812 1726 939 1764 trium
961 1724 1189 1764 liberorum
1213 1725 1303 1763 iure
1325 1724 1547 1762 honoratae
1570 1735 1639 1761 ea-

206 1785 302 1825 dem
324 1785 392 1823 lex
413 1783 456 1823 id
478 1784 542 1824 ius
558 1783 689 1834 dedit,
715 1782 825 1835 quod
849 1783 926 1834 ipsi
949 1788 1123 1833 patrono
1145 1781 1307 1820 tribuit.

299 1971 318 1999 2
344 1967 532 1998 dimidiam
554 1965 578 1998 C
609 1965 623 2005 11
656 1968 674 1996 5
701 1974 849 1997 manum
871 1966 895 1996 C
927 1965 941 2005 11
975 1968 992 1995 8
1018 1965 1178 1996 lacunam
1196 1964 1230 1994 in
1252 1962 1276 1994 C
1296 1971 1364 1993 non
1380 1963 1566 1994 indicatam
1583 1961 1642 1992 ob-

209 2015 364 2046 seruauit
381 2013 599 2044 Lachmann:
626 2012 865 2043 desiderantur
887 2010 960 2050 fere
977 2011 1081 2042 talia:
1109 2018 1172 2041 seu
1189 2009 1309 2040 testari
1327 2007 1480 2039 uoluerit
1500 2007 1639 2043 liberta,

210 2061 244 2091 in
262 2059 401 2100 patroni
419 2059 594 2099 potestate
613 2058 698 2095 erat,
726 2065 770 2087 ne
787 2058 998 2087 testamento
1017 2057 1144 2086 auctor
1161 2054 1273 2092 fieret,
1301 2054 1336 2084 in
1356 2062 1426 2094 quo
1445 2054 1520 2094 ipse
1538 2051 1642 2084 heres

211 2106 393 2136 institutus
410 2112 482 2135 non
500 2105 605 2139 esset.
626 2111 688 2134 seu
721 2102 734 2142 ΙΙ
769 2104 808 2133 40
835 2103 874 2132 ut
890 2101 1032 2132 obstent.
1049 2101 1258 2137 Lachmann,
1278 2099 1387 2130 obstit
1406 2098 1431 2131 C
1462 2099 1475 2138 11
1510 2101 1543 2128 44
1575 2106 1642 2139 po-

210 2159 313 2192 pearn
342 2150 366 2181 C
413 2149 427 2190 ll
477 2151 516 2179 42
542 2158 581 2180 ea
611 2148 636 2180 C
681 2148 695 2187 ΙΙ
744 2148 783 2178 44
811 2146 1067 2188 subprestitum
1098 2145 1122 2178 C
1168 2145 1181 2185 u
1232 2147 1269 2175 47
1297 2145 1444 2185 perinde
1473 2143 1517 2180 C,
1546 2143 1639 2175 idem

211 2195 364 2227 Huschke
396 2195 410 2235 11
445 2197 484 2225 49
504 2195 715 2225 testamento
738 2193 763 2226 C
793 2192 807 2232 ll
841 2195 876 2223 24
910 2192 974 2224 hac
996 2192 1020 2224 C
1051 2191 1065 2232 11
1098 2193 1139 2221 22
1161 2192 1328 2232 paternae
1350 2189 1374 2222 C
1406 2190 1419 2230 ΙΙ
1452 2189 1497 2230 in]
1520 2198 1562 2221 ex
1585 2189 1609 2221 G
1632 2188 1641 2229 ῃ

210 2244 249 2272 23
278 2241 433 2273 habeant
453 2240 478 2273 C
517 2240 529 2280 Η
571 2240 611 2269 24
639 2240 811 2277 ingenuae
835 2238 1005 2277 Cuiacz'us,
1026 2246 1089 2269 om.
1115 2237 1140 2269 C
1178 2236 1191 2276 ΙΙ
1233 2238 1273 2266 26
1300 2236 1456 2267 edictum
1480 2236 1504 2267 C
1535 2234 1548 2275 11
1587 2235 1642 2265 in-

209 2288 312 2328 genui
337 2286 361 2318 C
392 2286 406 2326 11
440 2288 479 2316 ⁶27
506 2286 646 2327 patroni
670 2284 711 2317 Ca

1662 820 1701 848 40

1663 1105 1702 1134 45

1664 1388 1703 1417 20

1664 1673 1704 1702 25
