1942 3081
699 151 810 158 —.„
874 111 966 168 121'
1010 152 1122 158 —
1405 131 1625 170 1›au1.v,42

146 253 168 291 3
196 253 356 293 *ficiose
388 266 509 305 agere
531 254 639 292 circa
670 252 856 293 defuncti
889 253 1114 292 uindictam
1147 255 1385 292 conuenit*
1444 256 1485 293 Si
1510 262 1627 306 pater

196 311 266 350 uel
287 310 481 350 dominus
512 310 553 349 id
583 316 900 359 testamentum,
938 322 1019 361 quo
1041 311 1151 349 filius
1174 311 1263 349 eius
1295 311 1359 349 uel
1385 324 1530 350 seruus
1554 313 1626 351 he-

198 367 319 407 redes
350 368 531 406 instituti
561 372 657 406 sunt
686 373 756 405 aut
788 366 969 417 legatum
1000 373 1273 418 acceperunt,
1309 367 1454 406 salsum
1483 368 1627 407 redar-

147 423 168 461 4
197 430 325 476 guam
346 437 423 463 nec
445 423 672 473 obtineant,
700 424 796 461 fisco
818 423 930 462 locus
952 430 1028 462 est.
1081 423 1216 462 Aetati
1239 424 1342 474 cius,
1370 425 1442 475 qui
1464 432 1625 464 accusat

197 486 511 530 testamentum,
549 482 582 519 si
607 492 685 519 non
717 479 922 530 obtineat,
950 480 1136 519 succurri
1168 480 1271 519 solet
1293 481 1333 519 in
1366 480 1408 519 id
1438 481 1549 532 quod
1571 483 1625 519 ita

164 554 167 555 ⁷
195 539 356 577 amisit:
382 539 560 576 maxime
583 538 616 576 si
640 537 786 576 tutoris
807 543 878 576 aut
900 538 1100 576 curatoris
1122 537 1291 576 consilio
1313 537 1419 576 actio
1438 538 1624 577 instituta

129 594 172 631 4²²
196 596 264 634 sit.
325 594 480 633 *Minor
500 595 648 646 uiginti
670 595 856 646 quinque
887 595 1007 633 annis
1029 595 1220 633 omissam
1243 594 1529 645 allegationem
1552 608 1628 646 per

147 649 169 687 5
195 651 262 690 *in
286 652 497 702 integrum
529 651 800 690 restitutionis
829 651 1028 690 auxilium
1053 657 1245 702 repetere
1275 651 1453 703 potest.*
1513 652 1557 690 In
1580 665 1626 690 ea

195 709 425 760 prouincia,
453 720 503 747 ex
525 721 606 759 qua
629 709 723 759 quis
745 708 949 759 originem
970 707 1097 757 ducit,
1124 707 1305 747 officium
1327 708 1465 747 fiscale
1488 707 1627 747 admi-

196 766 371 804 nistrare
400 764 666 817 prohibetur,
701 778 752 804 ne
782 771 853 804 aut
884 766 1088 817 gratiosus
1117 771 1186 803 aut
1216 765 1493 805 calumniosus
1514 765 1626 817 apud

146 821 169 857 6
196 834 292 861 suos
313 834 405 861 esse
426 821 636 861 uideatur.
679 823 877 868 Quotiens
899 823 989 861 sine
1011 823 1255 861 auctoritate
1278 821 1447 861 iudicati
1469 821 1628 862 officia-

194 878 256 918 les
276 879 452 918 alicuius
481 879 588 918 hona
619 885 819 930 occupant
848 879 918 918 uel
949 878 1193 918 describunt
1220 879 1289 918 uel
1317 878 1397 918 sub
1426 878 1627 919 obserua-

195 936 307 975 tione
330 948 420 975 esse
452 935 629 986 faciunt,
663 935 773 975 adito
803 942 1070 987 procuratore
1102 936 1253 975 iniuria
1283 935 1557 975 submouetur
1587 943 1627 976 et

196 992 258 1031 rei
280 992 404 1032 huius
435 999 624 1032 auctores
646 992 698 1032 ad
719 992 949 1044 praefectos
978 994 1185 1044 praetorio
1215 992 1421 1044 puniendi
1451 994 1626 1033 mittun-

146 1048 169 1086 7
194 1055 277 1089 tur.
341 1050 469 1088 Litem
500 1051 542 1089 in
564 1050 791 1101 perniciem
820 1051 1078 1101 priuatorum
1102 1050 1197 1088 fisco
1226 1049 1371 1088 donari
1401 1062 1483 1089 non
1503 1063 1626 1102 opor-

145 1105 169 1142 8
195 1112 254 1145 tet
275 1118 352 1146 neo
373 1105 425 1145 ab
447 1106 592 1146 eodem
624 1106 811 1145 donatam
843 1107 1012 1158 suscipi.
1076 1107 1369 1158 Imperatorem
1397 1107 1482 1146 litis
1503 1120 1625 1146 causa

195 1162 392 1202 heredem
424 1163 587 1202 institui
617 1162 871 1202 inuidiosum
894 1169 978 1202 est:
1013 1176 1089 1202 nec
1119 1163 1230 1202 enim
1261 1163 1541 1203 calumniandi
1566 1163 1626 1202 fa-

145 1219 168 1256 9
195 1220 391 1259 cultatem
414 1233 466 1259 ex
485 1221 707 1272 principali
738 1221 951 1259 maiestate
974 1220 1063 1271 capi
1085 1226 1258 1271 oportet.
1322 1221 1384 1259 Ex
1404 1220 1517 1260 nuda
1538 1221 1628 1272 pol-

193 1277 418 1316 licitatione
438 1277 553 1316 nulla
574 1278 678 1316 actio
699 1277 906 1316 nascitur:
933 1276 1110 1328 ideoque
1133 1277 1223 1316 eius
1244 1277 1364 1327 bona,
1392 1278 1462 1329 qui
1485 1290 1528 1317 se
1551 1278 1627 1316 he-

195 1332 337 1372 redem
354 1335 646 1386 imperatorem
668 1334 874 1373 facturum
891 1346 982 1373 esse
1004 1334 1244 1385 iactauerat,
1269 1347 1292 1373 a
1314 1334 1410 1373 fisco
1431 1335 1625 1386 occupari

125 1390 170 1428 9³
193 1403 276 1429 non
307 1397 496 1442 possunt.
567 1390 654 1430 *Ex
684 1390 929 1442 imperfecto
959 1397 1205 1430 testamento
1234 1391 1367 1442 legata
1406 1391 1474 1431 uel
1504 1391 1626 1430 fidei-

191 1446 435 1487 *commissa
462 1448 757 1500 imperatorem
785 1447 1000 1487 uindicare
1032 1447 1363 1487 inuerecundum
1387 1454 1468 1487 est:
1506 1447 1625 1487 decet

192 1504 327 1544 *enim
348 1510 488 1543 tantae
509 1505 714 1544 maiestati
737 1517 806 1544 eas
827 1517 996 1543 seruare
1018 1505 1152 1556 leges,
1181 1504 1333 1556 quibus
1354 1506 1444 1556 ipsc
1467 1505 1625 1544 solutus

123 1555 169 1598 9¹³
193 1560 309 1600 *esse
329 1561 514 1601 uidetur.
577 1561 696 1608 Quod
718 1562 752 1600 si
775 1574 821 1600 ea
843 1561 974 1612 bona,
1011 1574 1063 1601 ex
1083 1561 1239 1613 quihus
1262 1563 1484 1612 imperator
1504 1563 1624 1601 heres

191 1617 434 1658 *institutus
456 1624 532 1669 est,
558 1618 756 1658 soluendo
777 1631 857 1657 non
877 1619 972 1668 sint,
998 1631 1042 1657 re
1065 1625 1280 1670 perspecta
1297 1619 1525 1658 consulitur
1546 1619 1626 1657 im-

190 1674 403 1727 *perator:
436 1675 604 1714 heredis
626 1676 738 1715 enim
759 1675 937 1714 instituti
960 1675 1001 1714 in
1024 1675 1229 1715 adeundis
1257 1676 1327 1715 uel
1349 1675 1624 1727 repudiandis

115 1731 165 1769 40
190 1731 453 1771 *huiusmodi
482 1732 788 1772 hereditatibus
818 1732 1010 1771 uoluntas
1042 1731 1294 1784 exploranda
1327 1732 1433 1772 esu*
1487 1733 1625 1772 Priui-

191 1789 347 1841 legium
377 1789 463 1828 fisci
495 1795 559 1828 est
588 1789 698 1828 inter
723 1802 865 1828 omnes
887 1789 1112 1828 creditores
1142 1790 1326 1841 primum
1357 1789 1490 1829 locum
1521 1790 1625 1828 reti-

115 1845 158 1883 ’14
192 1859 306 1886 nere.
371 1847 633 1898 Quicumque
663 1860 684 1885 a
707 1847 802 1885 fisco
833 1847 1098 1896 conuenitur‚
1133 1859 1215 1885 non
1240 1859 1293 1885 ex
1324 1845 1463 1885 indice
1486 1853 1527 1885 et
1548 1859 1624 1885 ex—

193 1903 328 1955 emplo
344 1903 522 1943 alicuius
539 1904 784 1955 scripturae,
803 1903 879 1942 sed
896 1916 947 1942 ex
963 1903 1199 1942 authentico
1216 1902 1531 1943 conueniendus
1543 1910 1616 1953 est,

194 1967 233 1998 et
250 1961 320 2011 ita,
340 1961 375 1999 si
393 1966 626 1999 contractus
643 1960 747 1999 fides
764 1960 894 2012 possit
909 1960 1072 1999 ostendi
1089 1974 1096 1998 :
1123 1967 1308 1999 ceterum
1328 1960 1622 1999 calumniosam

191 2017 441 2068 scripturam
472 2018 556 2056 uim
578 2018 711 2056 iustae
730 2018 944 2069 petitionis
973 2017 1016 2055 in
1039 2016 1192 2056 iudicio
1212 2017 1400 2056 obtinere
1421 2029 1503 2055 non
1525 2030 1624 2056 con—

117 2073 165 2110 42
192 2074 323 2112 uenit.
386 2074 486 2113 Eius
506 2073 633 2124 bona,
667 2075 739 2125 qui
761 2074 904 2113 falsam
927 2079 1132 2113 monetam
1164 2074 1424 2125 percussisse
1453 2073 1618 2124 dicitur,

241 2187 376 2194 V-u-Nxss2
408 2187 571 2194 ,fu-exns-Jxsxfl
582 2187 592 2191 η
602 2187 611 2190 r—
621 2187 633 2191 a
642 2187 747 2193 nsflsl«
760 2188 806 2193 χῖ»
823 2188 830 2191 -
843 2188 846 2189 r
865 2188 869 2189 ν
878 2188 893 2193 ⁴«
902 2188 935 2194 ru«
944 2187 998 2194 W
1006 2187 1081 2193 „lxxa
1090 2188 1094 2191 ι
1112 2187 1206 2193 ›ens-„ne
1262 2187 1312 2193 «γι-β
1324 2188 1356 2193 a«
1367 2188 1374 2191 <
1389 2188 1416 2193 *f
1426 2188 1437 2191 a
1447 2188 1522 2194 «ΛΛᾹ
1530 2189 1553 2195 v»)
1566 2188 1571 2192 ,
1585 2188 1592 2193 ,

285 2234 338 2270 42,
360 2233 396 2262 4³
414 2245 455 2259 =
475 2232 552 2273 D1‘9.
575 2233 606 2270 4,
629 2233 659 2270 4,
680 2234 734 2270 36,
754 2241 840 2271 quae
856 2234 982 2264 rectius
998 2232 1145 2272 fortasse
1161 2234 1256 2264 tilulo
1275 2235 1305 2270 5,
1327 2235 1369 2263 53
1386 2234 1580 2264 restituitur
1610 2231 1621 2241 '⁴

193 2279 246 2315 42,
267 2280 284 2309 8
304 2291 344 2304 =
364 2277 443 2318 Dty.
465 2279 518 2316 28,
540 2280 571 2315 5,
593 2279 634 2308 92
698 2278 711 2317 ιι
775 2280 828 2316 42,
850 2280 868 2308 9
890 2279 966 2309 inde
983 2287 1004 2309 a
1020 2287 1055 2310 u.
1078 2281 1117 2309 49
1137 2279 1214 2310 eius
1231 2292 1272 2305 =
1292 2279 1371 2319 Περ.
1393 2280 1448 2315 as,
1471 2280 1500 2316 4,
1522 2280 1557 2308 34
1610 2275 1622 2318 ιι

193 2325 305 2399 22'29a
323 2336 364 2350 =
385 2323 461 2364 Περ.
483 2325 538 2361 32,
559 2325 598 2353 23
647 2322 661 2362 ιι
710 2325 764 2362 42,
785 2320 823 2353 91³
841 2336 882 2349 =
904 2324 982 2364 [ηρ.
1005 2326 1035 2363 4,
1057 2326 1110 2363 49,
1132 2326 1150 2354 -2
1203 2323 1216 2363 ιι
1270 2326 1324 2363 42,
1345 2326 1379 2354 44
1404 2336 1445 2350 =
1465 2323 1542 2363 Περ.
1563 2324 1618 2360 22,

215 2393 224 2408 5

191 2448 208 2454 ..l
236 2449 249 2453 a
1295 2446 1469 2453 Amxmm⁴
1476 2447 1490 2451 κ,

486 2446 733 2454 νΨΛΜ,κ«ΛΛ«ΑΛ,
743 2448 745 2450 -
758 2446 879 2454 nrm-mx*
887 2447 893 2452 x
900 2447 975 2454 nNmr
984 2448 1007 2454 fv
1015 2448 1081 2454 «ΛΑ
1091 2447 1128 2454 Μ

283 2517 300 2546 8
327 2519 406 2547 ante
422 2513 437 2555 §
457 2519 473 2546 5
493 2517 622 2548 codices
638 2517 812 2547 rubricam
828 2516 872 2547 de
890 2515 968 2548 fisci
985 2516 1163 2548 aduocato
1181 2517 1336 2547 inserunt
1382 2514 1395 2554 11
1448 2516 1486 2545 44
1514 2523 1619 2555 prae-

190 2559 282 2592 fecto
302 2561 349 2600 M,
367 2561 569 2602 praefectus
588 2562 613 2593 L
653 2561 666 2601 ΙΙ
709 2563 748 2592 46
774 2561 904 2594 donata
922 2563 1051 2594 codices
1089 2562 1103 2602 11
1145 2564 1183 2592 47
1212 2569 1277 2591 nec
1297 2560 1475 2591 calumnia
1496 2561 1572 2600 Οἱς.
1608 2560 1620 2598 ιι

193 2608 233 2636 49
260 2606 523 2646 imperatsfact.
544 2607 711 2639 heredem
732 2607 809 2647 Di9.
852 2607 865 2647 ΙΙ
907 2609 942 2638 34
973 2609 1005 2639 et
1024 2608 1069 2639 ita
1089 2607 1166 2647 De'y.
1188 2607 1371 2637 secundum
1391 2605 1550 2643 Graecos,
1573 2606 1618 2636 ita

192 2651 271 2692 Diq.
293 2651 329 2689 F,
349 2653 381 2683 et
400 2653 528 2684 codices
551 2652 730 2693 IVisiqothi
769 2652 782 2692 ΙΙ
823 2655 864 2683 32
890 2654 1003 2685 iustae
1020 2655 1090 2694 pet.
1111 2661 1176 2684 om.
1198 2652 1274 2692 Di9.

1653 772 1692 800 40

1653 1055 1691 1084 45

1650 1340 1692 1368 20

1650 1624 1690 1653 25

1648 1909 1688 1938 30
