1942 3081
698 154 809 159 ——-
871 133 947 169 115

1355 135 1450 166 l'aul.
1471 135 1511 172 V,
1533 132 1581 165 5¹).
1605 136 1621 163 6

871 257 942 306 [vn]

141 337 159 374 ’1
305 333 516 386 *Pupillus
537 335 570 373 si
592 346 673 373 non
697 333 966 385 defendatur,
1002 335 1042 372 in
1067 336 1325 387 possessione
1349 335 1624 376 creditoribus

190 391 450 431 *constitutis
481 390 710 430 minoribus
740 404 791 430 ex
819 391 883 430 his
914 403 1045 443 usque
1068 391 1120 431 ad
1141 391 1404 443 pubertatem
1427 393 1621 432 alimenta

136 451 166 488 ‘2
191 447 463 500 *praestanda
493 453 603 487 sunt.
666 448 766 487 Eius
794 449 866 499 qui
889 447 940 486 ab
962 448 1150 487 hostibus
1171 455 1316 500 captus
1340 455 1399 488 est
1420 449 1524 488 bona
1547 463 1622 489 ue—

193 503 307 544 *nire
330 518 410 544 non
432 511 618 557 possunt,
647 505 847 556 quamdiu
869 504 1149 545 reuertaturfi*

683 629 733 679 [vt
792 642 840 668 DE
873 629 1130 683 immolans]

127 711 168 747 1ἶι
305 706 470 758 *Neque
493 709 600 746 muri
624 721 760 760 neque
792 715 935 760 portae
959 708 1137 748 habitari
1163 709 1253 748 sine
1275 710 1484 760 permissu
1505 710 1626 761 prin-

121 763 168 805 qb
190 764 320 816 *cipis
348 771 520 816 propter
550 764 718 804 fortuita
749 766 939 805 incendia
969 772 1156 817 possunt.
1222 765 1398 805 Concedi
1422 767 1546 816 solet,
1580 772 1626 805 ut

191 821 419 873 *imagines
441 828 481 860 et
502 828 684 872 statuae,
721 835 828 874 quae
858 829 1094 862 ornamento
1117 823 1176 862 rei
1207 823 1400 874 publicae
1430 829 1528 862 sunt
1560 823 1627 862 fu-

146 881 160 918 1
190 878 346 929 *turae‚
371 878 412 916 in
428 878 641 930 publicum
658 882 906 930 ponantur.*
937 879 1193 919 Retinendae
1211 880 1482 931 possessionis
1498 880 1626 931 gratia

193 941 428 987 comparata
450 941 548 974 sunt
571 935 810 986 interdicta,
837 949 912 988 per
934 949 1039 988 quae
1063 949 1152 975 eam
1177 937 1478 988 possessionem
1502 949 1625 988 quam

195 993 276 1032 iam
309 991 509 1031 habemus
542 993 722 1031 retinere
754 993 967 1043 uolumus,
1002 994 1124 1045 quale
1157 999 1220 1032 est
1249 1007 1311 1032 νΤῐ
1336 1006 1551 1032 POSSIDETIS
1573 993 1625 1033 de

194 1048 322 1088 rebus
344 1049 419 1087 soli
443 1055 483 1088 et
503 1062 639 1088 VTRVBI
662 1049 714 1088 de
739 1062 782 1089 re
806 1050 964 1089 mobili.
1015 1056 1054 1088 et
1077 1051 1116 1088 in
1139 1051 1278 1102 priore
1302 1050 1473 1101 quidem
1495 1051 1530 1089 is
1552 1063 1628 1102 po-

194 1107 274 1145 tior
296 1113 378 1155 est,
413 1107 486 1157 qui
516 1105 668 1145 redditi
702 1106 912 1145 interdicti
935 1113 1119 1158 tempore
1150 1119 1228 1146 nec
1248 1108 1291 1146 ui
1324 1120 1402 1146 nec
1424 1108 1528 1146 clam
1550 1120 1627 1146 nec

194 1164 382 1214 precario
404 1162 456 1202 ab
478 1162 718 1202 aduersario
740 1163 948 1215 possedit:
975 1164 1017 1201 in
1040 1164 1168 1202 altero
1189 1176 1291 1203 uero
1313 1164 1448 1215 potior
1471 1170 1532 1202 est
1554 1164 1626 1215 qui

194 1221 349 1258 maiore
372 1226 490 1270 parte
518 1220 617 1258 anni
646 1226 873 1259 retrorsum
903 1222 1109 1259 numerati
1142 1233 1219 1259 nec
1240 1222 1283 1260 ui
1315 1233 1393 1260 nec
1424 1221 1527 1260 clam
1550 1233 1627 1259 nec

137 1279 167 1318 ⁵2
193 1276 382 1328 precario
410 1276 610 1327 possedit.
673 1277 725 1316 Vt
755 1276 1046 1327 interdictum,
1081 1277 1137 1316 ita
1169 1283 1209 1316 et
1230 1278 1334 1316 actio
1362 1278 1621 1329 proponitur,

193 1346 247 1372 ne
269 1334 365 1385 quis
385 1333 454 1372 uia
474 1332 641 1385 publica
670 1334 852 1385 aliquem
873 1333 1107 1386 prohibeat.
1170 1335 1289 1374 cuius
1311 1335 1371 1373 rei
1393 1334 1626 1374 sollicitudo

194 1389 248 1430 ad
267 1391 432 1429 uiarum
454 1396 665 1429 curatores
687 1392 884 1442 pertinet,
914 1404 936 1430 a
958 1403 1134 1442 quarum
1155 1392 1386 1431 munitione
1409 1404 1530 1430 nemo
1553 1404 1627 1430 ex-

195 1453 342 1498 ceptus
365 1453 440 1486 est.
505 1448 539 1486 si
570 1447 663 1498 quis
686 1449 888 1487 tamenin
919 1460 967 1487 ea
996 1447 1157 1500 aliquid
1180 1448 1319 1500 operis
1342 1448 1510 1499 fecerit,
1546 1461 1626 1499 quo
1654 1456 1662 1470 ·’

138 1507 166 1544 ’3
195 1510 473 1544 commeantes
496 1504 792 1555 impediantur,
819 1503 1013 1544 demolito
1035 1518 1160 1556 opere
1184 1504 1495 1544 condemnatur.
1541 1505 1625 1543 Non

194 1567 356 1600 tantum
378 1561 412 1599 si
434 1561 523 1612 ipse
546 1561 736 1600 dominus
758 1563 1018 1614 possessione
1040 1562 1209 1613 deiciat,
1234 1562 1337 1601 utile
1359 1561 1627 1601 interdictum

195 1623 280 1668 est,
307 1617 383 1656 sed
405 1618 528 1656 etiam
551 1619 586 1656 si
608 1617 761 1657 familia
783 1619 886 1657 eius.
951 1618 1129 1657 familiae
1151 1624 1289 1658 autem
1313 1620 1478 1657 nomine
1503 1620 1625 1658 etiam

140 1677 167 1715 4
194 1674 275 1714 duo
298 1674 411 1713 serui
434 1675 712 1714 continentur.
774 1676 823 1715 Vi
845 1675 1024 1715 deicitur
1045 1688 1127 1714 non
1148 1682 1309 1715 tantum
1332 1676 1404 1727 qui
1426 1688 1628 1727 oppressu

196 1731 475 1770 multitudinis
497 1737 568 1771 aut
590 1731 763 1771 fustium
795 1738 866 1771 aut
886 1733 1064 1772 telorum
1085 1739 1155 1772 aut
1176 1745 1385 1772 armorum
1409 1738 1522 1771 metu
1543 1739 1629 1771 ter-
1654 1747 1663 1754 *
1683 1741 1690 1747 ’

194 1794 334 1839 retur,
359 1787 433 1827 sed
455 1794 495 1827 et
518 1789 551 1828 is
573 1790 644 1840 qui
665 1789 890 1828 uiolentiae
912 1789 1106 1841 opinione
1137 1795 1349 1841 comperta
1370 1790 1627 1841 possessione

139 1847 168 1885 5
196 1846 341 1896 cessit,
369 1846 403 1884 si
426 1851 567 1884 tamen
589 1858 680 1885 eam
700 1845 969 1885 aduersarius
999 1847 1213 1898 ingressus
1244 1848 1311 1886 sit.
1374 1847 1431 1885 De
1465 1847 1563 1886 naui
1585 1847 1628 1885 ui

194 1901 382 1941 deiectus
406 1902 480 1941 hoc
501 1902 720 1942 interdicto
738 1904 920 1955 experiri
943 1916 1025 1942 non
1046 1910 1207 1955 potest:
1235 1903 1310 1943 sed
1333 1903 1443 1942 utilis
1466 1904 1503 1942 ei
1525 1904 1628 1942 actio

194 1958 246 1998 de
270 1958 397 1998 rebus
425 1959 723 2011 recuperandis
745 1960 935 2012 exemplo
957 1961 1001 1999 ui
1031 1959 1233 1999 bonorum
1255 1967 1467 2012 raptorum
1489 1960 1625 2000 datur.

199 2060 539 2068 xxxsmwmvvmst

629 2061 791 2069 mans*

899 2062 959 2069 fem„
965 2062 1185 2069 sxsxsmem-„wv-aes
1191 2062 1228 2069 „s
1237 2062 1276 2069 ‘xa
1286 2062 1294 2065 e
1302 2062 1397 2069 'xasa-us
1406 2062 1470 2069 „star
1477 2062 1505 2069 rs.
1519 2062 1528 2067 a
1544 2063 1556 2069 „v
1563 2061 1569 2065 x
1602 2062 1609 2064 Α
1626 2062 1629 2063 ⁷

288 2109 327 2138 513
347 2119 388 2132 =
408 2106 486 2146 Di9.
510 2107 561 2144 42,
584 2109 615 2145 5,
638 2109 678 2137 39
705 2110 765 2143 (θα)
782 2108 845 2146 his,
871 2116 937 2138 non
955 2116 999 2137 ex
1017 2108 1116 2138 Pauli
1133 2108 1246 2147 aliquo
1263 2107 1373 2139 codice
1389 2108 1477 2139 hunc
1494 2108 1629 2139 titulum

195 2152 351 2182 hausisse
370 2152 685 2197 gmendationesque
702 2154 735 2183 in
757 2152 886 2184 Cuiacii
907 2153 1046 2184 Obseru.
1066 2154 1119 2192 24,
1138 2155 1175 2182 17
1196 2154 1447 2185 commendatas
1463 2155 1629 2192 recepisse

192 2198 356 2283 gdigorehn
376 2197 762 2283 Gsseniiieffefflqa'lsfflg
777 2200 955 2273 pgrspeoeit
973 2198 1172 2235 Mommsen)
1227 2199 1241 2239 ΙΙ
1306 2201 1337 2237 6,
1361 2201 1396 2229 13·
1413 2212 1453 2226 =
1472 2199 1550 2238 Βία.
1573 2200 1625 2236 43,

221 2266 228 2280 ἲ
420 2267 426 2279 )
504 2264 544 2269 “-“
635 2267 642 2274 ·
712 2268 718 2280 )
764 2267 771 2281 5

512 2322 599 2329 ‘xz-vv»
604 2322 619 2329 x
622 2322 664 2329 m

770 2322 785 2328 m
793 2322 859 2329 „Lm
862 2322 927 2329 xffxsm
930 2323 1056 2330 mMae-vv
1059 2323 1150 2330 ww

1324 2322 1515 2330 Nssdwefx«
1534 2323 1537 2326 -

289 2380 307 2409 2
331 2379 469 2420 pupillo
495 2380 603 2411 editor
623 2378 828 2410 Geneuensis
847 2379 895 2417 (u.
915 2379 962 2417 s.)
1001 2378 1014 2419 ll
1055 2379 1295 2420 possessione]
1316 2379 1542 2420 possessione
1561 2377 1626 2408 bo-

196 2433 327 2456 norum
349 2424 474 2456 Genea.
517 2424 530 2464 ll
572 2427 588 2455 3
609 2424 809 2456 minorihus
824 2425 860 2462 F,
881 2433 944 2456 om.
965 2424 1108 2456 Geneu.:
1126 2425 1304 2457 bonorum
1319 2426 1395 2455 eius
1411 2425 1596 2455 Mommsen
1618 2421 1631 2466 Η

197 2472 216 2500 9
236 2472 446 2501 ornamenta
464 2470 492 2501 F
521 2469 534 2510 ΙΙ
569 2472 606 2500 15
628 2470 787 2511 possedit
804 2470 841 2508 L,
861 2469 1064 2511 possidetur
1082 2471 1129 2509 M,
1148 2471 1308 2511 possidet
1326 2471 1403 2500 dett.
1439 2468 1452 2509 ΙΙ
1488 2470 1526 2499 19
1546 2477 1629 2509 per-

198 2517 297 2546 tinet.
325 2515 369 2546 ab
388 2517 527 2547 uiarum
550 2516 702 2547 Huschke
752 2516 765 2556 ll
821 2517 855 2546 21
881 2519 958 2547 ante
976 2514 990 2556 ἕ
1010 2518 1027 2546 3
1047 2517 1221 2547 rubricam
1238 2515 1282 2547 de
1300 2514 1489 2546 interdicto
1506 2513 1626 2545 utrubi

203 2562 334 2599 (utrum
352 2563 386 2592 ui
406 2561 442 2600 L)
464 2562 592 2592 codices
608 2563 764 2593 inserunt
803 2560 817 2600 11
858 2563 899 2591 22
917 2561 1156 2601 possessione]
1176 2562 1400 2602 possessione
1418 2560 1539 2590 utruui
1558 2559 1581 2590 L
1618 2557 1630 2601 Η

196 2606 327 2637 deiciat
349 2606 518 2644 Cuiacius,
540 2607 717 2638 deiciatur
735 2607 862 2638 codices
916 2606 929 2647 ΙΙ
984 2608 1024 2637 24
1045 2615 1216 2648 oppresso
1235 2606 1297 2637 ML
1348 2604 1361 2644 ll
1416 2607 1458 2635 25
1477 2606 1631 2636 terretur

199 2652 247 2689 M,
267 2652 412 2683 territus
430 2652 455 2683 L
510 2652 523 2692 ΙΙ
580 2654 619 2683 27
647 2661 723 2683 eam
741 2653 833 2689 dett„
856 2661 895 2683 ea
914 2653 951 2691 L,
972 2661 1035 2683 om.
1058 2653 1095 2683 M
1147 2651 1160 2691 ΙΙ
1217 2654 1256 2681 29
1284 2652 1318 2681 ui
1338 2651 1375 2688 L,
1397 2650 1440 2681 de
1458 2652 1493 2681 ui
1515 2650 1551 2681 M

1309 2706 1356 2737 8*

1654 888 1692 916 10

1655 1172 1692 1200 15
