1966 3081
736 189 850 196 ——
909 168 960 207 35
1020 191 1132 197 --
1420 169 1648 210 Ἠμὶΰ-ὲκ

218 290 270 330 ad
293 304 418 342 quem
437 292 522 341 lege
545 290 752 330 hereditas
768 291 1025 330 honorumue
1050 294 1252 344 possessio
1274 306 1366 332 eum
1386 307 1429 333 re
1453 296 1647 345 pertinet,

220 360 359 399 neque
382 347 508 387 frater
529 348 882 399 consanguineus:
919 348 1029 399 quod
1053 349 1085 387 si
1110 362 1223 388 soror
1253 352 1557 401 consanguinea
1580 352 1644 397 sit,

221 404 272 444 ad
296 412 493 456 utrasque
516 406 728 456 pertinere
754 404 921 444 iubetur
944 405 1167 445 hereditas.

386 529 501 581 [XXVH
563 542 609 567 DE
642 541 880 568 LIBERTORVM
913 541 1224 568 SVCCESSIONIBVS
1257 543 1326 568 VEL
1360 530 1485 582 BONIS]

138 624 143 626 ’
174 609 187 646 t
249 644 252 649 ,
335 607 594 647 Libertorum
624 609 913 648 intestatorum
936 608 1145 648 hereditas
1176 610 1357 660 primum
1379 609 1431 648 ad
1461 622 1555 649 suos
1578 611 1652 649 he.—

222 665 342 705 redes
371 666 576 716 pertinet,
610 665 763 705 deinde
794 666 846 705 ad
875 678 965 714 eos7
1005 678 1180 717 quorum
1212 665 1354 705 liberti
1387 673 1505 716 sunt,
1539 668 1653 707 uelut

171 723 194 761 Ξ)
220 729 437 774 patronum
460 729 674 773 patronam
708 722 917 762 liberosue
940 723 1116 774 patroni.
1167 723 1208 762 Si
1230 724 1281 762 sit
1303 730 1501 775 patronus
1533 730 1573 763 et
1594 725 1653 763 al-

220 780 349 818 terius
379 779 540 830 patroni
574 779 702 828 filius,
738 779 789 818 ad
811 780 944 819 solum
966 787 1182 830 patronum
1215 780 1422 819 hereditas
1451 781 1649 832 pertinet.

172 837 192 875 4
222 837 322 875 Item
353 837 514 887 patroni
547 836 655 875 filius
677 831 840 888 patroni
874 836 1097 888 nepotibus
1119 836 1266 876 obstat.
1310 836 1373 876 Ad
1404 837 1556 877 liberos
1580 851 1653 889 pa-

221 901 433 932 tronorum
456 893 669 932 hereditas
691 893 877 933 desunt-ti
901 895 1081 946 pertinet
1104 895 1169 943 ita7
1198 901 1240 933 ut
1266 895 1309 933 in
1332 895 1480 946 capita⁷
1507 907 1588 934 non
1612 896 1651 933 in

220 951 369 1002 stirpes
392 950 619 989 diuidatur.

171 1007 194 1045 5
336 1008 559 1059 Legitimae
578 1007 824 1046 hereditatis
842 1008 920 1057 ius,
947 1007 1058 1058 quod
1076 1020 1127 1046 ex
1146 1009 1234 1059 lege
1253 1007 1471 1047 duodecim
1490 1008 1654 1048 tabula-

223 1077 314 1103 rum
337 1064 568 1113 descendit,
595 1065 742 1116 capitis
765 1065 994 1103 minutione
1017 1065 1236 1103 amittitur.

556 1189 688 1241 [xxvm
747 1201 794 1227 m:
827 1201 1136 1228 rossmsmmnvs
1166 1189 1318 1240 DANms]

174 1270 187 1306 4
335 1269 540 1307 Bonorum
572 1269 772 1319 possessio
803 1267 926 1307 datur
955 1274 1025 1308 aut
1055 1275 1197 1308 contra
1226 1268 1389 1308 tabulas
1418 1272 1653 1309 testamenti

221 1331 291 1365 aut
311 1325 524 1364 secunaum
547 1325 710 1364 tabulas
732 1330 803 1364 (tut
822 1326 1022 1364 intestati.

172 1382 195 1420 Ξ)
338 1382 485 1421 Contra
515 1382 679 1421 tabulas
710 1382 913 1421 bonorum
950 1383 1152 1433 possessio
1185 1381 1308 1421 datur
1338 1382 1481 1422 liberis
1513 1396 1656 1422 eman—

223 1439 368 1491 cipatis
398 1446 646 1478 testamento
668 1441 926 1490 praeteritis,
954 1440 1047 1478 licet
1071 1440 1256 1490 legitima
1288 1452 1369 1478 non
1392 1440 1443 1479 ad
1467 1453 1535 1479 eos
1557 1454 1656 1491 per—

172 1496 193 1534 3
224 1497 350 1535 tineat
380 1496 604 1535 hereditas.
659 1497 864 1535 Bonorum
901 1498 1103 1546 possessio
1135 1503 1276 1535 contra
1312 1496 1474 1536 tabulas
1511 1496 1656 1536 liberis

223 1561 305 1592 tam
327 1553 586 1592 naturalibus
617 1566 740 1604 quam
762 1553 969 1605 adoptiuis
996 1553 1139 1592 datur:
1176 1553 1252 1592 sed
1281 1553 1542 1593 naturalibus
1563 1556 1657 1605 qui-
1683 1570 1692 1577 ν

223 1610 318 1649 dem
350 1610 640 1661 emancipatis,
676 1623 757 1648 uon
787 1617 925 1649 tamen
949 1618 989 1649 et
1011 1611 1090 1649 illis
1113 1611 1184 1661 qui
1212 1611 1254 1648 111
1276 1610 1472 1661 adoptiua
1504 1610 1656 1650 familia

224 1674 344 1715 511111,
389 1666 596 1718 adoptiuis
627 1673 764 1706 autem
796 1668 861 1705 his
892 1674 1052 1706 tantum
1083 1668 1155 1718 qui
1187 1668 1227 1705 in
1259 1674 1460 1717 potestate
1492 1681 1657 1707 manse-

175 1725 195 1761 4
225 1731 334 1763 runt.
370 1725 650 1775 Emancipatis
672 1724 815 1763 liberis
838 1737 890 1762 ex
911 1724 1043 1763 edicto
1066 1724 1190 1763 datur
1210 1723 1412 1763 bonorum
1433 1726 1652 1776 possessio.

223 1782 256 1819 si
280 1782 412 1832 parati
435 1787 531 1820 sunt
553 1794 700 1820 cauere
719 1781 927 1832 fratribus
949 1782 1056 1828 suis7
1093 1781 1164 1832 qui
1187 1781 1229 1819 in
1260 1788 1463 1832 potestate
1492 1794 1657 1821 manse-

225 1845 334 1889 runt,
361 1837 468 1876 bona
491 1850 596 1889 quae
620 1839 821 1877 moriente
844 1845 960 1889 patre
983 1838 1221 1877 habuerunt
1243 1851 1284 1876 se
1308 1839 1540 1877 collaturos.

175 1894 197 1931 ὃ
338 1894 579 1934 Secundum
601 1894 762 1933 tabulas
793 1894 996 1934 honorum
1018 1895 1222 1946 possessio
1245 1895 1366 1934 datur
1395 1896 1559 1947 scriptis
1583 1896 1658 1933 he-

225 1951 420 1998 redibus,
454 1953 611 1990 scilicet
642 1953 674 1990 si
704 1965 870 1999 eorum7
904 1952 1059 2003 quibus
1081 1959 1221 1999 contra
1250 1951 1414 1991 tabulas
1445 1954 1653 2004 competit.

176 2009 198 2045 6
225 2021 344 2047 nemo
375 2009 447 2059 sit,
481 2016 551 2048 aut
574 2015 717 2060 petere
741 2010 885 2047 nolint.
941 2010 1074 2047 Etiam
1097 2010 1130 2047 si
1154 2010 1242 2048 iure
1274 2009 1386 2048 ciuili
1418 2022 1500 2048 11011
1523 2011 1659 2049 ualeat

224 2071 536 2115 testamentum,
570 2066 673 2105 forte
703 2065 814 2116 quod
838 2065 1016 2105 familiae
1038 2066 1288 2117 mancipatio
1316 2066 1385 2104 uel
1405 2067 1658 2118 nuncupatio

226 2121 374 2172 defuit,
401 2123 432 2161 si
455 2123 663 2173 signatum
687 2129 982 2162 testamentum
1012 2124 1063 2161 sit
1086 2135 1169 2161 non
1192 2123 1329 2161 minus
1352 2135 1476 2174 quam
1499 2130 1657 2175 septem

225 2180 391 2218 testium
416 2180 570 2218 ciuium
592 2181 867 2218 Romanorum
890 2180 1041 2231 signis,
1068 2179 1268 2218 bonorum
1289 2181 1493 2231 possessio
1518 2180 1653 2219 datur.

176 2237 197 2273 7
340 2237 525 2275 Intestati
555 2235 680 2275 datur
710 2236 911 2275 bonorum
948 2237 1150 2286 possessio
1182 2249 1256 2288 per
1285 2244 1443 2288 septem
1476 2237 1652 2287 gradus:

226 2294 360 2344 primo
378 2292 510 2344 gradu
531 2292 698 2331 liberis:
726 2293 907 2332 secundo
925 2294 1122 2345 legitimis
1140 2292 1389 2332 heredibus:
1418 2295 1538 2332 tertio
1561 2306 1658 2345 pro-

225 2351 347 2389 ximis
370 2351 572 2401 cognatis:
601 2357 746 2401 quarto
764 2349 943 2389 familiae
962 2351 1148 2402 patroni:
1176 2352 1308 2402 quinto
1331 2357 1500 2402 patrono
1518 2357 1658 2401 patro-

318 2512 329 2539 1
361 2509 472 2549 legem
496 2509 520 2540 C
566 2508 579 2549 Η
629 2512 645 2539 S
673 2511 813 2549 patrum
837 2509 861 2540 C
908 2509 920 2549 Η
973 2512 1011 2540 10
1040 2510 1086 2541 ita
1106 2509 1154 2548 ut]
1177 2511 1235 2539 aut
1259 2509 1283 2540 C
1329 2509 1342 2547 Η
1392 2510 1426 2537 Μ
1459 2509 1566 2548 stirpe
1589 2507 1612 2537 C
1649 2506 1660 2547 Η

227 2556 266 2584 46
286 2555 497 2594 secundum]
519 2554 693 2586 aduersus
717 2554 751 2591 C,
773 2555 815 2594 cf.
835 2564 869 2585 u.
892 2557 932 2585 26
952 2558 1031 2594 etp.
1054 2557 1109 2592 23,
1132 2557 1171 2584 28
1207 2554 1219 2593 Η
1252 2556 1311 2585 aut
1332 2562 1395 2583 om.
1422 2553 1445 2584 C
1485 2553 1497 2592 Η
1540 2556 1578 2582 48
1609 2553 1658 2583 le-

225 2600 347 2637 gitimo
371 2600 406 2637 C,
434 2600 590 2640 legitimo
610 2601 684 2631 iure
703 2600 895 2630 Lachmann
939 2600 952 2640 Η
994 2602 1032 2630 24
1061 2599 1223 2641 patribus
1245 2599 1269 2630 C
1309 2598 1321 2637 Η
1364 2601 1402 2628 28
1431 2598 1563 2629 nollent
1586 2598 1610 2630 C
1649 2597 1660 2639 Η

228 2649 266 2674 29
286 2648 496 2676 testamento
519 2645 543 2677 C
574 2645 588 2685 Η
623 2648 661 2676 30
682 2644 838 2677 defuisse
856 2645 923 2677 Ca?
956 2646 969 2686 Η
1011 2648 1049 2676 32
1072 2646 1187 2676 intesti
1211 2644 1234 2675 C
1267 2644 1280 2683 Η
1315 2646 1353 2674 33
1374 2643 1573 2674 secundum
1593 2643 1617 2675 C
1647 2643 1659 2683 Η

227 2691 266 2720 34
287 2691 412 2730 quinto
432 2690 599 2728 Czet'aee'us,
622 2700 685 2722 om.
712 2691 736 2723 C

1338 2747 1382 2775 3.

1678 620 1694 648 5

1681 902 1719 930 to

1682 1846 1723 1874 ΞΓ)

1685 2131 1724 2158 30
