1942 3081
220 960 231 996 l

162 1362 170 1372 ‘
222 1361 241 1398 4

258 91 307 122 De
326 91 496 131 gradibus
765 112 879 118 ——
942 89 1018 128 166
1084 112 1188 118 —-

641 260 941 300 TRACTATVS
973 261 1040 300 DE
1072 260 1326 300 GRADIBVS

434 357 571 392 Incerti
602 358 769 392 auctoris
801 359 983 391 tractatus
1014 355 1060 391 de
1092 354 1273 400 gradibus
1304 357 1369 400 qui
1400 357 1575 400 sequitur
1606 357 1642 390 in

319 413 516 450 codicibus
554 414 715 449 Notitiae
755 413 978 458 dignitatum
1018 414 1217 458 utriusque
1257 413 1406 457 imperii
1444 411 1534 448 huic
1574 414 1641 459 ipsi

321 472 482 506 Notitiae
505 472 738 516 praemissus
760 471 910 516 legitur.
954 471 1101 515 primus
1124 481 1212 504 eum
1233 470 1435 505 Eduardus
1456 469 1643 513 Boecking

321 539 341 564 e
374 527 571 565 codicibus
602 528 802 563 Parisiensi
836 530 934 564 9661
975 537 1076 563 saec.
1105 527 1170 561 XV
1202 532 1237 562 et
1268 527 1482 562 Monac-ensi
1510 529 1634 564 10294

321 597 423 622 saec.
459 586 541 621 XVI
582 584 697 621 edidit
746 580 903 632 (leiani
941 584 1149 628 fragmenta
1181 584 1242 619 ed.
1278 584 1323 618 lv
1356 585 1500 629 Lipsiae
1538 587 1642 621 ⁴855

322 654 359 688 p.
401 646 499 687 483,
547 642 596 677 cs.
632 643 779 686 Corpus
810 642 906 677 Iuris
938 641 1093 677 Romani
1124 640 1414 677 Anteiustiniani
1447 642 1644 677 Bonnense

322 700 397 736 uoi.
426 700 496 746 lp.
530 696 642 747 475).
696 700 778 743 ipse
809 699 882 735 hoc
914 708 1012 734 anno
1035 697 1207 733 Monachi
1238 702 1315 734 tam
1346 698 1448 734 hunc
1474 698 1645 735 codicem

322 767 435 802 quam
458 757 722 792 Monacensem
747 758 824 792 794
848 766 948 791 saec.
971 756 1053 791 XVI
1075 756 1230 790 contuli.

851 890 899 917 DE
931 890 1116 917 GRADths

381 957 545 998 Gradus
573 958 867 1009 cognationum
898 958 1166 1010 appellantur
1190 957 1242 995 ab
1266 970 1335 1007 eo,
1369 957 1481 1008 quod
1502 970 1705 1010 personae.

267 1022 535 1068 cognatorum
563 1015 667 1054 aliae
697 1015 975 1066 proximiore,
1018 1014 1122 1054 aliae
1160 1015 1345 1066 longiore
1378 1014 1511 1066 gradu
1540 1022 1638 1054 sunt
1668 1022 1707 1054 et

218 1075 240 1111 ἱ)
266 1073 318 1113 ob
352 1072 394 1112 id
424 1073 544 1125 quasi
577 1071 782 1125 gradatim
811 1073 940 1111 altera
963 1073 1137 1111 alteram
1158 1071 1382 1111 antecedit.
1432 1072 1587 1111 Omnes
1609 1084 1707 1124 per-

267 1143 392 1170 sonae
427 1137 694 1182 cognatorum
733 1136 803 1169 aut
841 1142 967 1182 supra
1009 1136 1282 1169 numerantur
1317 1136 1385 1168 aut
1417 1128 1526 1168 infra
1557 1136 1624 1168 aut
1657 1142 1708 1168 ex

268 1195 509 1228 transuerso
532 1188 622 1226 siue
645 1199 667 1225 a
690 1187 835 1226 latere.
891 1199 1018 1239 supra
1050 1194 1328 1226 numerantur
1348 1193 1566 1238 parentes,
1601 1186 1706 1226 infra

270 1245 405 1296 liberi,
436 1258 487 1284 ex
508 1251 749 1284 transuerso
771 1245 861 1283 siue
883 1257 905 1282 a
928 1244 1057 1283 latere
1082 1243 1230 1282 fratres
1253 1250 1290 1282 et
1314 1256 1475 1283 sorores
1498 1243 1708 1295 liberique

269 1315 434 1353 eorum,
470 1303 570 1341 item
601 1302 839 1353 parentium
871 1300 1018 1340 fratres
1053 1308 1092 1340 et
1124 1314 1285 1340 sorores
1318 1300 1523 1352 liberique
1548 1313 1703 1340 eorum.

272 1361 405 1399 Primo
435 1358 568 1411 gradu
597 1371 724 1410 supra
755 1365 877 1410 pater
900 1365 939 1397 et
964 1365 1117 1407 mater,
1155 1357 1262 1397 infra
1286 1358 1394 1397 filius
1416 1365 1455 1396 et
1478 1359 1576 1397 filia.
1633 1358 1710 1397 Se-

271 1416 407 1457 cundo
438 1429 564 1468 supra
594 1429 699 1455 auus
731 1417 846 1465 auia,
887 1415 994 1454 infra
1029 1428 1157 1466 nepos
1190 1416 1352 1467 neptis,
1387 1428 1440 1454 ex
1469 1421 1710 1454 transuerso

220 1475 243 1512 ὃ
272 1475 401 1513 frater
422 1480 462 1514 et
484 1486 620 1513 soror:
647 1473 744 1512 hinc
766 1474 877 1512 enim
900 1479 1171 1512 transuersus
1194 1473 1340 1524 incipit
1362 1471 1531 1523 gradus.
1575 1473 1710 1512 Tertio

271 1545 398 1584 supra
419 1544 602 1583 proauus
624 1531 816 1583 proauia,
854 1530 959 1570 infra
990 1543 1196 1582 pronepos
1226 1530 1463 1582 proneptis:
1501 1543 1553 1568 ex
1573 1536 1713 1569 trans-

271 1602 392 1629 uerso
425 1588 565 1628 fratris
594 1595 634 1627 et
663 1588 814 1627 sororis
844 1588 954 1627 filius
982 1594 1020 1627 et
1053 1588 1157 1636 filia,
1191 1593 1365 1639 patruus
1395 1587 1543 1636 amita,
1581 1586 1623 1626 id
1651 1594 1709 1626 est

271 1647 402 1699 patris
425 1646 555 1685 frater
577 1652 615 1685 et
639 1658 766 1695 soror,
795 1645 1029 1684 auunculus
1053 1650 1282 1694 matertera,
1314 1643 1357 1682 id
1378 1650 1440 1683 est
1463 1645 1607 1683 matris
1629 1643 1714 1682 fra-

222 1706 245 1742 6
271 1712 335 1744 ter
357 1710 397 1744 et
418 1716 547 1743 soror.
583 1703 735 1749 Quarto
766 1715 889 1753 supra
912 1701 1072 1741 abauus
1094 1701 1266 1751 abania⁷
1303 1701 1410 1740 infra
1431 1700 1617 1753 abnepos
1638 1700 1713 1740 ab·

272 1762 432 1813 neptis:
469 1773 521 1799 ex
551 1767 792 1799 transuerso
819 1759 958 1798 fratris
991 1766 1031 1798 et
1053 1760 1205 1798 sororis
1227 1771 1356 1810 nepos
1380 1765 1417 1797 et
1442 1759 1602 1810 neptis:
1638 1771 1714 1810 pa-

272 1826 393 1858 truus
423 1830 598 1869 magnus
631 1824 669 1856 et
701 1817 825 1856 amita
862 1829 1028 1868 magna,
1075 1816 1118 1855 id
1148 1823 1209 1855 est
1237 1816 1304 1855 aui
1338 1815 1465 1854 frater
1497 1822 1537 1854 et
1572 1828 1708 1855 soror:

273 1875 511 1915 auunculus
543 1887 720 1926 magnus
749 1881 971 1913 matertera
1006 1886 1173 1925 magna,
1212 1872 1253 1912 id
1286 1880 1347 1912 est
1376 1874 1493 1912 auiae
1522 1871 1652 1912 frater
1675 1879 1715 1911 et

275 1946 412 1972 soror:
449 1931 724 1971 consobrinus
756 1930 1022 1979 consobrina,
1061 1930 1103 1970 id
1135 1937 1197 1970 est
1219 1931 1292 1981 qui
1315 1943 1479 1982 quaeue
1501 1943 1553 1969 ex
1574 1929 1715 1969 fratri-

274 1991 354 2030 bus
377 1996 445 2029 aut
468 1988 681 2029 sororibus
704 1995 771 2028 aut
797 1988 922 2027 fratre
947 1995 986 2027 et
1008 2000 1147 2027 sorore
1169 1994 1518 2039 progenerantur.
1579 1987 1715 2026 scien-

276 2047 377 2087 dum
399 2054 539 2086 tamen
561 2047 730 2098 proprie
754 2045 1022 2085 consobrinos
1044 2045 1245 2097 appellari
1269 2057 1352 2095 eos7
1382 2045 1455 2096 qui
1478 2057 1530 2084 ex
1552 2043 1714 2084 duabus

276 2105 488 2144 sororibus
518 2105 604 2142 nati
635 2110 752 2153 sunt,
788 2104 905 2154 quasi
938 2103 1246 2152 consororinos,
1284 2115 1352 2141 eos
1374 2107 1535 2151 autem,
1568 2103 1714 2152 quiex

277 2161 442 2202 duobus
465 2160 665 2199 fratribus
687 2161 893 2212 procreati
915 2167 1026 2206 sunt,
1053 2159 1201 2199 fratres
1219 2159 1433 2211 patrueles
1454 2159 1616 2209 uocari7
1646 2171 1715 2197 eos

276 2232 402 2270 uero,
436 2219 508 2270 qui
540 2230 591 2257 ex
621 2217 748 2256 fratre
780 2224 819 2256 et
841 2230 982 2256 sorore
1007 2223 1253 2265 nascuntur,
1287 2217 1478 2256 amitinos
1500 2215 1597 2255 dici.
1642 2216 1715 2254 hoc

354 2355 400 2363 w
404 2356 425 2361 υ
430 2353 635 2362 VWNJJNJ
640 2354 664 2360 ω
669 2353 832 2361 ΑΛΜΜΝ
836 2356 845 2359 ,
857 2353 915 2360 [ψ]
919 2354 937 2360 J
944 2354 979 2360 ’ν-
990 2352 1131 2360 »fmyf
1135 2352 1309 2360 Waeeafu

1538 2350 1704 2359 faa—zm»)

371 2449 388 2477 7
416 2448 604 2488 parentum
623 2445 755 2476 Monac.
780 2446 882 2475 40294
929 2445 942 2484 ιι
985 2447 1024 2475 42
1052 2447 1200 2486 patruus
1219 2446 1251 2475 et
1269 2444 1376 2475 amita
1394 2443 1505 2475 Paris.
1553 2441 1567 2482 ΙΙ
1619 2445 1656 2473 43
1685 2445 1717 2474 et

280 2503 344 2525 om.
366 2493 500 2524 Monac.
524 2493 623 2522 10291
663 2491 676 2531 [1
710 2492 897 2521 matertera
916 2499 1044 2530 magna
1064 2490 1098 2522 id
1118 2493 1169 2521 est
1187 2491 1316 2520 codices
1355 2488 1368 2527 Η
1411 2490 1448 2518 17
1469 2487 1720 2519 abauunculus

279 2540 408 2569 codices
462 2537 476 2578 [l
535 2539 574 2568 19
601 2539 817 2578 generantur
834 2536 968 2567 Monac.
990 2537 1052 2567 794
1110 2536 1123 2574 11
1182 2537 1221 2566 22
1248 2534 1418 2566 fratribus
1439 2535 1618 2574 procreati
1637 2536 1720 2565 sunt

283 2586 415 2615 Momm.
445 2585 531 2621 794,
573 2583 752 2624 procreati
784 2580 954 2612 fratribus
988 2584 1068 2612 sunt
1103 2582 1238 2618 Paris.y
1283 2579 1452 2611 fratribus
1484 2582 1720 2620 procreantur

282 2631 415 2661 Monac.
441 2632 543 2660 40291
589 2629 603 2669 11
643 2627 769 2660 fratres
786 2629 818 2659 et
837 2630 925 2669 patr.
949 2628 1077 2658 codices
1117 2627 1129 2667 ΙΙ
1170 2629 1211 2658 23
1241 2629 1434 2657 nascantur
1455 2627 1582 2657 codices

1740 1480 1778 1507 40

1742 1765 1779 1794 15

1922 0 1942 2712 ψ--ᾙι-Μ-*μ-
