1966 3081
337 174 468 214 x·lp.4⁴
858 191 966 197 ——
1032 171 1077 207 llj
1139 190 1250 196 —-—

261 298 308 335 14
448 297 710 335 Testamento
733 306 899 345 quoque
921 294 1164 332 nominatim
1188 300 1346 333 tutores
1369 292 1453 331 dati
1477 293 1772 331 confirmantur

337 353 481 394 eadem
514 353 600 404 lege
631 351 850 391 duodecim
881 350 1140 401 tabularum,
1187 352 1251 390 his
1282 350 1447 389 uerbis:
1494 362 1556 388 vn
1593 361 1772 388 LEGAssn·

338 423 452 449 sven
482 422 644 448 rsscva
673 421 864 448 TerLAvE
885 420 974 446 SVAE
997 421 1070 455 nm,
1108 421 1169 446 ΠΛ
1193 420 1251 446 ivs
1272 420 1388 446 EsTo:
1425 408 1496 458 qui
1520 413 1675 446 tutores
1697 405 1772 445 da-

262 468 310 505 15
338 468 406 507 tini
428 467 701 519 appellantur.
754 466 846 503 Dari
872 471 1117 504 testamento
1138 472 1298 504 tutores
1328 470 1501 516 possunt
1531 463 1674 502 liberis
1698 464 1770 514 qui

262 526 311 562 16
338 527 378 564 in
401 531 604 576 potestate
627 529 737 561 sunt.
792 523 1051 560 Testamento
1074 528 1231 561 tutores
1254 521 1344 560 dari
1374 528 1548 572 possunt
1581 521 1641 569 hi,
1679 533 1770 559 cum

338 581 492 634 quibus
520 579 756 619 testamenti
789 578 970 618 faciendi
1005 580 1068 618 ius
1097 585 1181 629 est5
1217 586 1383 630 praeter
1414 579 1601 617 Latinum
1634 578 1773 617 Iunia-

340 652 461 678 num:
499 651 593 676 nam
620 638 785 675 Latinus
807 635 932 674 habet
955 635 1126 687 quidem
1156 637 1393 674 testamenti
1426 635 1662 684 factionem,
1697 634 1773 674 sed

263 697 310 734 47
340 704 475 735 tamen
498 701 606 734 tutor
627 694 713 733 dari
736 706 817 732 non
841 699 975 745 potest
995 707 1001 730 :
1038 692 1078 732 id
1107 693 1218 731 enim
1242 693 1308 731 lex
1332 693 1447 732 Iunia
1471 692 1675 744 prohibet.
1730 692 1772 731 Si

339 754 471 804 capite.
505 751 746 790 deminutus
778 749 903 789 suerit
933 757 1042 789 tutor
1063 756 1312 788 testamento
1335 748 1479 796 datus,
1514 762 1595 788 non
1625 749 1774 788 amittit

339 811 532 849 tutelam:
569 807 644 847 sed
667 808 700 846 si
723 807 979 847 abdicauerit
1003 820 1047 845 se
1069 807 1210 856 tutela,
1238 806 1393 846 desinit
1414 819 1506 846 esse
1529 813 1661 846 tutor:
1697 805 1772 845 ab-

338 867 474 906 dicare
497 871 635 905 autem
660 871 719 903 est
742 863 883 903 dicere
906 864 1015 903 nolle
1038 877 1081 903 se
1104 869 1282 902 tutorem
1304 876 1410 902 esse.
1446 864 1488 902 in
1511 864 1602 902 iure
1623 862 1773 902 cedere

338 930 474 963 autem
498 922 665 962 tutelam
690 928 935 960 testamento
959 920 1080 960 datus
1103 933 1185 959 non
1209 926 1365 972 potest:
1393 932 1486 959 nam
1505 927 1542 959 et
1562 920 1774 971 legitimus

340 982 379 1019 in
404 982 495 1019 iure
519 978 670 1018 redere
690 985 840 1030 potest,
867 977 1062 1017 abdicare
1086 991 1130 1017 se
1152 990 1234 1016 non
1256 984 1407 1028 potest.

266 1039 311 1074 18
452 1040 535 1076 Lex
564 1036 688 1075 Atilia
729 1036 843 1075 iubet
884 1035 1132 1074 mulieribus
1162 1035 1386 1086 pupillisue
1414 1047 1494 1073 non
1524 1033 1774 1072 habentibus

339 1101 496 1134 tutores
527 1093 617 1133 dari
649 1107 670 1132 a
702 1099 892 1144 praetore
921 1099 961 1131 et
993 1093 1146 1131 maiore
1178 1098 1294 1144 parte
1322 1091 1583 1130 tribunorum
1619 1089 1770 1142 plebis,

339 1165 441 1203 quos
463 1157 619 1190 tutores
641 1150 842 1189 Atilianos
865 1149 1136 1201 appellamus.
1177 1148 1251 1188 sed
1272 1149 1369 1200 quia
1394 1149 1458 1187 lex
1479 1148 1601 1186 Atilia
1624 1148 1774 1186 Romae

339 1216 498 1247 tantum
522 1208 654 1246 locum
680 1207 818 1256 habet⁷
845 1207 934 1257 lege
959 1207 1055 1245 Iulia
1080 1213 1117 1244 et
1141 1207 1243 1244 Titia
1264 1212 1531 1257 prospectum
1554 1211 1639 1254 est7
1666 1211 1710 1244 ut
1734 1205 1775 1243 in

340 1266 564 1317 prouinciis
596 1277 760 1315 quoque
793 1264 986 1302 similiter
1015 1276 1036 1302 a
1069 1262 1337 1315 praesidibus
1367 1275 1507 1302 earum
1531 1261 1687 1301 dentur
1708 1268 1777 1301 tu-

264 1322 312 1359 19
343 1330 463 1361 tores.
518 1323 601 1360 Lex
623 1322 740 1360 lunia
770 1328 942 1360 tutorem
976 1321 1065 1359 fieri
1099 1319 1211 1359 iubet
1246 1321 1410 1368 Latinae
1441 1320 1509 1358 uel
1540 1319 1674 1358 Latini
1699 1319 1778 1357 irn-

341 1379 514 1431 puberis
537 1391 647 1428 911111,
681 1379 800 1417 cuius
832 1378 953 1416 etiam
982 1384 1076 1416 ante
1101 1378 1465 1416 manumissionem
1487 1389 1542 1415 ezr
1564 1377 1654 1414 iure
1675 1376 1778 1422 Qui-

262 1436 313 1473 ⁶20
341 1437 482 1476 ritium
507 1435 600 1475 fuit.
652 1436 714 1474 Ex
744 1436 834 1485 lege
858 1435 958 1474 Iulia
987 1434 1038 1473 de
1062 1434 1306 1473 maritandis
1329 1433 1547 1472 ordinibus
1569 1439 1680 1472 tutor
1703 1432 1777 1471 da-

342 1501 408 1533 tur
438 1506 460 1532 a
490 1499 681 1543 praetore
712 1491 830 1531 urbis
854 1493 890 1530 ei
915 1493 1079 1530 mulieri
1101 1492 1333 1542 uirginiue.
1370 1503 1492 1541 quam
1517 1503 1569 1528 ex
1592 1490 1666 1528 hac
1690 1491 1776 1541 ipsa

341 1552 430 1601 lege
453 1550 614 1589 nubere
637 1555 820 1601 oportet,
851 1548 902 1587 ad
926 1548 1064 1587 dotem
1086 1547 1264 1587 dandam
1287 1547 1506 1586 dicendam
1528 1547 1778 1598 promitten-

342 1608 505 1657 damue,
542 1607 576 1645 si
608 1607 841 1657 legitimum
871 1612 1050 1644 tutorem
1084 1605 1289 1657 pupillum
1322 1604 1484 1643 babeat.
1539 1603 1614 1643 sed
1635 1610 1776 1655 postea

342 1671 513 1703 senatus
544 1664 727 1713 censuit,
774 1670 817 1701 ut
851 1664 972 1701 etiam
1002 1663 1044 1701 in
1075 1663 1303 1714 prouinciis
1333 1674 1499 1713 quoque
1534 1661 1727 1700 similiter
1755 1673 1776 1699 a

265 1721 308 1759 ⁶2¹
343 1721 607 1773 praesidibus
629 1733 771 1759 earum
794 1733 845 1758 ex
868 1719 1013 1758 eadem
1035 1732 1156 1758 eausa
1181 1726 1337 1758 tutores
1359 1718 1525 1757 dentur.
1562 1719 1777 1757 Praeterea

343 1779 463 1817 etiam
497 1779 538 1816 in
571 1778 702 1816 locum
734 1777 838 1815 muti
872 1775 1070 1815 furiosiue
1104 1777 1250 1815 tutoris
1281 1776 1457 1814 alterurn
1481 1774 1664 1814 dandum
1687 1787 1777 1813 esse

265 1835 316 1873 22
343 1842 519 1874 tutorem
550 1834 602 1873 ad
633 1834 769 1873 dotem
802 1832 1134 1872 constituendam
1166 1839 1334 1872 senatus
1363 1833 1539 1872 censuit.
1595 1832 1695 1869 Item
1726 1843 1777 1869 ex

343 1899 512 1931 senatus
543 1891 727 1929 consulto
756 1897 868 1929 tutor
898 1890 1019 1929 datur
1053 1890 1218 1929 mulieri
1249 1891 1308 1939 ei5
1355 1890 1474 1928 cuius
1504 1895 1613 1928 tutor
1641 1888 1774 1934 abest⁷

342 1956 639 2001 praeterquam
661 1949 694 1986 si
717 1954 916 1999 patronus
938 1948 991 1986 sit
1014 1948 1084 1998 qui
1108 1947 1248 1985 abest:
1275 1959 1370 1985 nam
1394 1947 1435 1984 in
1459 1947 1590 1985 locum
1615 1946 1777 1996 patroni

344 2006 530 2045 absentis
560 2006 664 2043 alter
686 2005 769 2056 peti
793 2016 874 2043 non
897 2010 1027 2056 potest
1059 2005 1139 2042 nisi
1161 2003 1214 2042 ad
1235 2003 1511 2042 hereditatem
1543 2001 1778 2041 adeundam

345 2070 383 2102 et
405 2064 571 2115 nuptias
589 2061 906 2101 contrahendas.
944 2060 1141 2112 idemque
1158 2061 1347 2112 permisit
1370 2061 1410 2098 in
1434 2060 1593 2111 pupillo
1615 2059 1778 2111 patroni

265 2119 315 2157 23
345 2120 440 2159 filio.
484 2121 565 2158 Hoc
588 2119 765 2170 amplius
788 2125 957 2157 senatus
978 2119 1164 2168 censuit,
1191 2125 1251 2167 ut⁷
1278 2119 1310 2156 si
1334 2124 1444 2156 tutor
1464 2117 1615 2168 pupilli
1637 2116 1780 2168 pupil-

345 2178 460 2216 laeue
482 2183 702 2227 suspectus
733 2189 752 2213 a
776 2175 903 2214 tutela
933 2174 1149 2214 submotus
1173 2173 1319 2224 suerit,
1356 2175 1422 2213 uel
1447 2175 1570 2213 etiam
1599 2174 1704 2212 iusta
1727 2172 1778 2212 de

345 2247 465 2273 eausa
488 2239 721 2281 excusatus,
750 2233 790 2271 in
814 2233 946 2271 locum
969 2232 1058 2272 eius
1081 2238 1192 2271 tutor
1213 2232 1318 2270 alius
1339 2232 1469 2271 (Iecur.

266 2292 316 2329 24
458 2290 636 2329 Moribus
666 2296 776 2329 tutor
806 2288 929 2328 datur
956 2290 1120 2328 mulieri
1153 2289 1389 2340 pupilloue,
1427 2288 1612 2340 quicum
1643 2292 1777 2326 tutore

345 2361 416 2387 suo
440 2348 530 2397 lege
561 2353 630 2385 aut
654 2347 836 2397 legitimo
869 2345 1019 2385 iudicio
1041 2358 1164 2394 agere
1196 2346 1308 2396 uult,
1345 2352 1390 2385 ut
1421 2352 1587 2384 auctore
1620 2356 1667 2382 eo
1687 2350 1779 2395 agat

435 2566 452 2593 :2
473 2563 583 2603 legem
607 2562 632 2594 C
664 2561 676 2603 11
714 2564 730 2592 3
750 2562 937 2602 pecuniam
958 2560 1134 2592 tutelabao
1155 2560 1179 2591 C
1211 2560 1223 2602 Η
1259 2561 1368 2591 dauiti
1392 2559 1415 2590 F
1449 2557 1461 2600 ΙΙ
1497 2563 1514 2590 7
1532 2559 1686 2591 factione
1706 2559 1730 2590 C
1766 2558 1779 2600 ΙΙ

344 2611 384 2639 1-2
413 2609 519 2639 tutela
543 2607 566 2639 C
597 2607 610 2649 Η
643 2610 682 2639 48
709 2608 893 2649 prouincia
918 2607 942 2638 C
972 2605 984 2648 ΙΙ
1018 2609 1056 2636 19
1085 2609 1198 2637 tutore
1220 2606 1244 2637 C
1273 2605 1286 2647 ΙΙ
1319 2607 1435 2637 latinis
1454 2605 1689 2646 inpuberibus
1711 2605 1736 2637 C
1767 2602 1780 2646 [1

344 2658 383 2684 20
411 2664 451 2685 ex
473 2656 546 2685 iure
571 2654 685 2691 Tilius‚
707 2654 765 2693 qui
787 2654 841 2684 ius
861 2651 886 2683 C
916 2650 928 2694 ΙΙ
966 2654 1007 2682 21).
1029 2651 1165 2683 urbano
1186 2652 1346 2691 Schillinq
1385 2650 1397 2691 Η
1437 2653 1477 2681 25
1505 2651 1684 2691 prouintia
1708 2651 1732 2683 C
1768 2647 1781 2690 11

345 2703 379 2729 31
411 2700 513 2731 aliter
535 2697 577 2731 Cb
616 2698 627 2741 Η
668 2702 708 2730 35
735 2698 842 2730 dctur
859 2707 922 2729 om.
950 2698 974 2730 C

1801 812 1840 841 10

1803 1097 1842 1125 15

1804 1382 1842 1411 20

1805 1952 1845 1981 30

1804 2237 1845 2266 35
