1942 3081
636 780 696 833 M.
736 779 984 833 VALERII
1020 779 1197 832 PROBI

538 908 605 945 DE
636 907 785 946 NOTls
817 907 948 947 lvms
980 906 1287 945 FRAGMENTA

370 1037 410 1071 ln
431 1034 542 1072 Probi
564 1036 748 1080 opusculo
769 1036 816 1070 de
838 1037 936 1071 notis
958 1035 1049 1070 iuris
1071 1035 1218 1071 edendo
1240 1036 1570 1071 Mommsenianan}

258 1093 459 1129 editionem
481 1093 635 1128 alteram
657 1094 773 1128 secuti
797 1103 928 1127 sumus
942 1120 950 1135 ⁷
977 1102 1075 1137 quae
1097 1097 1243 1136 partem
1266 1092 1351 1127 facit
1372 1092 1572 1128 Gramma-

258 1152 416 1186 ticorum
438 1150 654 1185 Latinorum
676 1149 722 1184 ab
746 1150 788 1184 H.
816 1150 935 1185 Keilio
965 1149 1211 1184 collectorum
1247 1144 1403 1197 (Lipsiae
1424 1150 1500 1185 uol.
1527 1151 1572 1184 IV

265 1209 364 1243 1864
389 1217 428 1252 p.
448 1209 518 1242 ⁶271
543 1202 666 1255 sqq.).
702 1206 843 1251 pendet
861 1210 986 1241 autem
1008 1206 1114 1241 crisis
1135 1206 1172 1240 in
1193 1205 1315 1241 Probo
1338 1207 1571 1242 restituendo

258 1263 488 1307 exercenda,
526 1267 565 1298 ut
586 1264 792 1299 Mommsen
814 1263 1029 1309 perspexit,
1066 1273 1112 1298 ex
1141 1262 1291 1299 duobus
1315 1262 1571 1298 subsidiorum

256 1319 479 1366 generibus:
507 1331 670 1365 quorum
692 1321 852 1356 alterum
872 1321 963 1365 ipsis
985 1321 1038 1355 eis
1059 1319 1253 1355 codicibus
1270 1320 1444 1365 efficitur,
1472 1331 1573 1366 quo-

256 1389 342 1413 rum
373 1378 437 1423 qui
467 1377 580 1413 hodie
611 1378 722 1422 periit
751 1377 982 1423 archetypus
1012 1376 1124 1412 Probi
1154 1377 1201 1412 de
1232 1378 1330 1412 notis
1361 1387 1457 1422 opus
1487 1378 1572 1423 plus

257 1436 431 1470 minusue
448 1436 635 1479 integrum
651 1435 900 1470 continuerat.
937 1445 981 1469 ex
998 1433 1056 1469 his
1073 1427 1267 1469 codicibus
1279 1435 1570 1470 Mommseniana

258 1491 370 1527 editio
391 1490 542 1527 duobus
564 1492 800 1536 potissimum
822 1492 952 1526 nititur
972 1491 1123 1526 saeculo
1140 1491 1206 1526 XV
1228 1495 1389 1526 exeunte
1411 1492 1472 1526 uel
1489 1492 1570 1527 XVI

257 1549 458 1593 incipiente
489 1549 735 1593 conscriptis:
776 1547 1026 1584 Ambrosiano
1057 1549 1073 1582 J
1108 1550 1182 1584 4⁴5
1213 1559 1298 1593 sup.
1335 1553 1371 1583 et
1403 1548 1571 1584 Romano

257 1605 435 1650 Chigiano
458 1606 484 1641 Ι.
511 1606 571 1641 VI.
600 1607 692 1650 204,
730 1607 795 1650 qui
816 1603 927 1640 Probi
958 1605 1218 1640 collectionem
1248 1606 1285 1639 in
1307 1606 1380 1640 fine
1402 1605 1571 1640 mutilam

257 1663 424 1697 tradunt.
460 1662 620 1697 alterum
642 1661 898 1698 subsidiorum
920 1672 1039 1707 genus
1059 1664 1205 1707 primus
1228 1666 1263 1697 et
1285 1662 1425 1697 detexit
1446 1667 1483 1698 et
1503 1662 1573 1697 ad—

257 1718 379 1755 hibuit
408 1720 638 1755 Mommsen:
679 1721 745 1764 qui
776 1730 862 1754 cum
893 1719 1165 1764 additamenta,
1202 1718 1343 1764 quibus
1373 1720 1410 1753 in
1440 1719 1572 1755 codice

257 1776 480 1811 Einsidlensi
505 1780 582 1813 326
604 1786 703 1811 saeC.
731 1776 766 1810 X
797 1780 972 1811 notarum
1003 1776 1144 1822 sylloge
1166 1787 1264 1821 quae
1286 1776 1400 1821 uulgo
1421 1777 1572 1821 Papiani

257 1833 394 1869 dicitur
415 1838 524 1869 aucta
547 1838 623 1877 est,
659 1844 703 1868 ex
726 1832 848 1868 Probo
879 1837 1028 1878 sumpta
1060 1843 1143 1868 esse
1166 1833 1435 1877 intellexisset,
1470 1833 1573 1868 hunc

257 1890 426 1926 codicem
456 1900 533 1926 non
563 1890 686 1926 solum
716 1890 761 1925 ad
785 1890 1040 1925 emendandas
1061 1900 1124 1925 eas
1145 1894 1272 1934 partes
1294 1889 1405 1926 Probi
1427 1891 1567 1935 operis,

257 1957 352 1992 quas
372 1957 487 1993 supra
509 1947 594 1983 dicti
627 1947 777 1982 codices
807 1947 1112 1992 complectuntur
1141 1946 1336 1989 adhibuit,
1371 1947 1438 1982 sed
1460 1948 1572 1983 etiam

257 2014 321 2039 eas
352 2003 462 2039 Probi
493 2008 622 2048 notas,
659 2015 757 2049 quae
789 2005 824 2038 in
857 2002 1158 2039 Einsidlensibus
1190 2003 1454 2039 additamentis
1483 2005 1572 2039 solis

258 2062 503 2096 inueniuntur
521 2065 557 2096 et>
578 2072 622 2096 ex
644 2062 846 2106 integriore
869 2061 922 2096 eis
940 2061 1002 2106 qui
1025 2060 1138 2096 hodie
1162 2064 1288 2096 extant
1308 2059 1417 2096 Probi
1441 2061 1570 2096 codice

258 2122 450 2153 auctorem
472 2118 715 2153 Einsidlensis
737 2118 972 2153 collectionis
992 2117 1164 2153 hausisse
1187 2117 1461 2161 demonstrant,
1491 2118 1571 2153 col-

256 2175 351 2210 lecta
373 2174 624 2220 supplementi
646 2174 759 2210 modo
781 2174 938 2209 addidit.
993 2184 1069 2219 quo
1099 2175 1365 2219 supplemento
1396 2180 1435 2210 ut
1470 2180 1570 2210 recte

257 2236 421 2274 utamur,
448 2231 654 2266 tenendum
671 2236 726 2266 est
743 2231 986 2266 Einsidlensis
1003 2231 1234 2267 collectionis
1250 2235 1443 2267 auctorem
1461 2231 1569 2268 Probi

257 2293 364 2324 notas
373 2289 511 2333 passim
528 2290 565 2323 in
582 2287 688 2323 binas
706 2288 766 2323 uel
784 2292 909 2323 ternas
926 2288 1170 2333 discerpsisse
1188 2293 1224 2324 et
1240 2289 1451 2324 secundum
1468 2289 1571 2323 litte-

257 2356 385 2380 rarum
408 2345 593 2387 ordinem,
620 2356 734 2390 quem
756 2348 831 2380 tota
853 2345 1023 2380 collectio
1039 2345 1284 2381 Einsidlensis
1305 2356 1389 2381 cuni
1407 2346 1569 2390 Papiano

257 2403 443 2447 sequitur,
465 2402 636 2447 Papianis
653 2402 749 2437 notis
765 2402 981 2437 inseruisse.
1018 2403 1067 2437 ita
1085 2413 1123 2438 u.
1144 2413 1181 2447 g.
1203 2407 1311 2438 notae
1329 2401 1438 2438 Probi
1459 2406 1493 2445 3,
1523 2404 1568 2437 14

258 2459 300 2495 S·
333 2459 377 2501 Q·
402 2459 443 2495 S·
467 2459 508 2495 S·
534 2460 577 2494 E·
605 2459 649 2502 Q·
672 2460 722 2494 N·
745 2460 777 2494 Ι·
801 2458 843 2494 S·
868 2459 911 2494 R·
934 2459 979 2493 E·
1005 2459 1050 2494 H·
1074 2461 1118 2494 L·
1142 2460 1192 2495 Ν·
1216 2461 1260 2494 R·
1292 2461 1325 2494 si
1355 2459 1442 2505 quid
1471 2460 1571 2493 sacri

258 2518 378 2551 sancti
399 2521 464 2559 est,
501 2517 597 2563 quod
618 2527 691 2551 non
712 2518 792 2551 iure
811 2517 858 2551 sit
879 2521 1064 2562 rogatum,
1102 2518 1179 2552 eius
1202 2517 1270 2551 hac
1293 2516 1370 2561 Ieye
1391 2515 1482 2550 nihil
1503 2526 1569 2550 ro-

257 2578 370 2619 yatur
389 2574 426 2608 in
448 2573 672 2608 Einsidlensi
694 2572 787 2607 haec
809 2572 878 2607 tria
900 2572 1106 2618 fragmenta
1129 2577 1267 2615 extant,
1293 2572 1364 2607 sub
1386 2571 1508 2606 littera
1526 2571 1563 2605 S:

261 2629 302 2665 S·
329 2629 373 2672 Q·
397 2629 438 2665 S·
463 2630 504 2665 S·
530 2631 573 2665 E·
607 2632 638 2665 si
659 2631 738 2676 quis
760 2631 859 2664 sacri
878 2632 998 2665 sancti
1021 2635 1084 2674 est,
1121 2628 1191 2664 sub
1222 2629 1343 2663 littera
1369 2628 1418 2671 Q:
1456 2626 1500 2669 Q·
1524 2627 1566 2663 S·
