1966 3081
334 1231 356 1268 5

382 194 520 235 le.:’6
903 215 1015 222 ——
1075 193 1127 232 34
1187 215 1300 221 —-

382 318 473 358 *Tvs
496 332 571 358 msc
590 330 713 369 hsclr,
739 330 921 357 ommes
944 331 1124 358 nmium
1147 332 1338 358 “ABE-xro.
1385 331 1491 357 nunc
1515 331 1590 358 nec
1611 319 1819 370 gentilicia

382 376 499 416 *iura
522 376 564 414 in
586 388 666 415 usu
685 374 829 414 sunu*

496 433 539 472 Si
562 431 752 472 defuncti
770 433 823 471 sit
845 432 976 482 filius,
1011 437 1045 472 et
1067 445 1119 472 ex
1139 433 1267 472 altero
1290 432 1372 470 filio
1395 438 1554 471 mortuo
1588 432 1668 471 iam
1690 444 1821 484 nepos

382 503 491 530 unus
521 490 589 529 uel
609 490 732 528 etiam
754 490 917 541 plures,
953 489 1005 528 ad
1026 502 1168 529 omnes
1199 488 1412 528 hereditas
1433 490 1637 540 pertinet,
1672 501 1753 528 non
1775 496 1821 528 ut

384 548 423 586 in
447 548 580 599 capita
602 546 839 597 diuidatur,
873 545 946 586 sed
978 547 1019 585 in
1042 547 1218 597 stirpes,
1255 545 1298 585 id
1319 552 1381 585 est
1400 553 1444 585 ut
1469 546 1578 585 filius
1599 546 1710 586 solus
1731 558 1821 585 me-

382 604 493 644 diam
514 609 673 656 partem
704 602 855 642 habeat
878 610 915 642 et
949 610 1122 655 nepotes
1144 610 1345 655 quotquot
1377 610 1473 642 sunt
1496 604 1666 642 alteram
1695 602 1820 642 dimi-

382 661 517 701 diam:
554 673 734 712 aequum
759 667 819 699 est
851 661 963 699 enim
992 666 1165 712 nepotes
1197 661 1238 698 in
1270 661 1398 711 patris
1420 661 1483 699 sui
1516 660 1647 699 locum
1675 673 1821 700 succe-

383 717 483 758 dere
507 724 548 757 et
579 730 669 756 eam
692 723 852 769 partem
875 717 1058 767 habere,
1083 729 1208 768 quam
1240 723 1359 768 pater
1381 729 1544 767 eorum,
1581 718 1614 757 si
1637 718 1816 767 uiueret,

383 775 604 814 habiturus
627 781 750 813 esset.

497 830 707 878 Quamdiu
735 843 837 870 suus
868 830 991 869 heres
1012 837 1206 882 speratur
1226 830 1348 869 heres
1380 830 1471 869 fieri
1493 843 1636 882 posse,
1663 830 1821 871 tamdiu

384 891 495 929 locus
527 889 685 940 agnatis
717 901 800 926 non
831 893 914 927 est:
948 887 1067 927 uelut
1089 888 1122 926 si
1153 900 1260 926 uxor
1288 886 1474 927 defuncti
1504 900 1738 939 praegnans
1768 889 1819 927 sit

382 953 452 986 aut
475 946 584 985 filius
605 944 718 997 apud
738 945 876 984 hostes
897 945 963 983 sit.

494 1002 749 1054 Agnatorum
772 1002 1025 1041 hereditates
1046 1000 1296 1041 diuiduntur
1318 1002 1361 1040 in
1383 1001 1539 1052 capita:
1575 1001 1692 1040 uelut
1713 1001 1746 1040 si
1769 1001 1823 1040 sit-

382 1060 523 1099 fratris
555 1060 664 1099 filius
687 1066 727 1098 et
748 1059 920 1098 alterius
943 1058 1081 1098 fratris
1112 1058 1193 1097 duo
1223 1058 1416 1110 pluresue
1439 1057 1586 1108 liberi,
1621 1064 1823 1110 quotquot

381 1124 478 1157 sunt
508 1117 560 1156 ab
591 1124 770 1168 utraque
799 1122 917 1167 parte
939 1128 1164 1167 personae,
1199 1122 1258 1155 tot
1281 1116 1383 1155 fiunt
1407 1116 1636 1167 portiones,
1665 1120 1711 1154 ut
1731 1115 1821 1154 sin-

383 1175 467 1226 guli
491 1174 675 1225 singulas
697 1174 874 1225 capiant.

499 1232 540 1270 Si
572 1231 716 1282 plures
748 1230 895 1269 eodem
927 1229 1057 1281 gradu
1089 1230 1172 1268 sint
1201 1229 1362 1280 agnati,
1406 1235 1446 1267 et
1479 1228 1648 1280 quidam
1681 1242 1822 1268 eorum

386 1287 658 1327 hereditatem
676 1287 728 1326 ad
750 1300 792 1326 se
816 1287 1026 1338 pertinere
1053 1287 1276 1335 noluerint,
1302 1286 1370 1325 uel
1394 1293 1618 1337 antequam
1643 1285 1821 1325 adierint

384 1346 665 1394 decesserint,
702 1357 846 1383 eorum
867 1356 962 1394 pars
984 1343 1186 1382 adcrescit
1218 1343 1282 1381 his
1304 1344 1376 1394 qui
1399 1343 1607 1382 adierunt.
1658 1343 1769 1394 quod
1791 1344 1822 1382 si

384 1416 505 1442 nemo
537 1414 677 1441 eorum
700 1400 870 1451 adierit,
905 1400 957 1440 ad
979 1401 1269 1451 insequentem
1301 1399 1476 1451 gradum
1506 1400 1668 1452 exlege
1702 1401 1824 1439 here—

385 1459 492 1498 ditas
521 1472 603 1497 non
635 1459 956 1507 transmittitur,
992 1458 1186 1509 quoniam
1218 1458 1261 1495 in
1292 1458 1488 1508 legitimis
1517 1456 1824 1497 hereditatibus

386 1517 591 1555 successio
613 1528 694 1554 non
719 1522 793 1554 est.

498 1572 560 1612 Ad
582 1572 757 1612 feminas
781 1572 888 1611 ultra
911 1572 1317 1622 consanguineorum
1350 1570 1522 1622 gradum
1544 1571 1729 1622 legitima
1752 1571 1825 1610 he-

386 1630 540 1670 reditas
571 1643 652 1669 non
688 1630 894 1680 pertinet:
946 1629 1088 1679 itaque
1119 1641 1233 1667 soror
1271 1627 1385 1666 fratri
1421 1629 1605 1667 sororiue
1643 1628 1825 1680 legitima

386 1688 508 1727 heres
532 1688 588 1725 fit.

499 1743 564 1782 Ad
595 1743 749 1782 liberos
771 1743 914 1781 matris
937 1743 1155 1780 intestatae.
1178 1742 1387 1781 hereditas
1419 1754 1471 1780 ex
1494 1742 1584 1792 lege
1608 1740 1823 1781 duodecim

386 1801 622 1841 tabularum
653 1812 733 1838 non
764 1798 1022 1850 pertinebat,
1070 1799 1168 1849 quia
1198 1798 1376 1837 feminae
1410 1811 1505 1837 suos
1536 1798 1713 1837 heredes
1743 1811 1824 1837 non

388 1858 564 1897 habent:
600 1856 675 1895 sed
707 1863 849 1908 postea
881 1856 1174 1907 imperatorum
1194 1854 1397 1894 Antonini
1425 1862 1465 1894 et
1489 1854 1699 1894 Commodi
1732 1868 1825 1894 ora-

388 1917 498 1954 tione
522 1915 563 1953 in
587 1920 733 1953 senatu
756 1913 924 1951 recitata
955 1912 996 1951 id
1018 1919 1156 1952 aetum
1179 1919 1254 1960 est,
1281 1919 1324 1951 ut
1348 1913 1438 1951 sine
1470 1913 1511 1951 in
1532 1924 1696 1952 manum
1720 1925 1824 1951 con—

391 1973 585 2011 uentione
619 1977 797 2009 matrum
829 1971 1038 2020 legitimae
1070 1969 1324 2008 hereditates
1350 1969 1402 2008 ad
1434 1970 1536 2008 filios
1570 1970 1820 2021 pertineant,

338 2028 361 2065 8
389 2029 570 2068 exclusis
603 2027 920 2077 consanguineis
943 2033 984 2065 et
1015 2027 1185 2077 reliquis
1214 2027 1390 2077 agnatis.
1440 2027 1623 2065 Intestati
1655 2026 1728 2065 filii
1750 2027 1826 2066 he·-

388 2085 546 2125 reditas
567 2085 618 2123 ad
641 2091 815 2123 matrem
832 2084 991 2134 exlege
1014 2083 1233 2122 duodecim
1255 2083 1491 2122 tabularum
1509 2096 1591 2122 non
1613 2084 1819 2135 pertinet:

389 2142 463 2182 sed
493 2143 527 2181 si
549 2143 614 2181 ius
634 2141 864 2180 liberorum
889 2140 1060 2190 habeat,
1097 2141 1276 2191 ingenua
1300 2141 1448 2190 trium,
1478 2140 1673 2179 libertina
1705 2146 1826 2192 quat—

390 2207 505 2249 tuor,
540 2199 724 2250 lcgitima
756 2198 877 2237 heres
910 2198 953 2235 tit
985 2211 1037 2236 ex
1067 2204 1236 2236 sentitus
1268 2198 1451 2236 consulto
1483 2197 1757 2245 Tertulliano,
1790 2198 1823 2237 si

391 2264 529 2296 tamen
553 2257 589 2293 ei
624 2256 704 2293 filio
727 2268 866 2306 neque
889 2267 990 2293 suus
1014 2255 1133 2293 heres
1165 2255 1215 2293 sit
1241 2255 1367 2305 quiue
1391 2255 1501 2293 intcr
1529 2267 1623 2293 suos
1646 2253 1824 2307 heredes

389 2313 441 2353 ad
471 2313 673 2352 bonorum
703 2312 1006 2363 possessionem
1035 2324 1057 2349 a
1080 2318 1272 2362 praetore
1296 2319 1489 2362 uocatur,
1523 2323 1659 2362 neque
1687 2317 1819 2362 pater.

419 2426 478 2433 ΑΛ]

485 2498 495 2525 4
529 2503 594 2526 nec
614 2495 701 2525 escit
724 2494 894 2530 Cuiam&
919 2494 1028 2524 nescit
1048 2495 1177 2524 codices
1209 2493 1222 2533 11
1256 2493 1408 2524 habento
1427 2502 1522 2523 nunc
1544 2493 1700 2529 oiselius,
1721 2492 1824 2524 heres

392 2541 484 2572 hanc
501 2541 629 2572 codices
661 2539 674 2579 ll
709 2542 725 2569 3
746 2539 902 2571 defuncti
926 2538 1095 2575 Cuiaee'us,
1117 2538 1308 2570 defunctus
1331 2538 1355 2570 C
1385 2538 1398 2578 ΙΙ
1431 2540 1462 2569 ct
1482 2547 1546 2569 om.
1571 2537 1595 2570 C
1627 2537 1640 2577 ΙΙ
1675 2540 1692 2568 5
1715 2539 1824 2579 stirpe

396 2586 421 2619 C
460 2586 473 2626 11
514 2588 530 2616 7
559 2586 638 2617 loco
661 2585 685 2618 C
724 2584 738 2625 ΙΙ
779 2587 797 2616 8
825 2584 948 2616 habete
971 2584 995 2616 C
1034 2584 1046 2623 ΙΙ
1090 2587 1128 2614 40
1158 2585 1239 2615 here
1258 2584 1331 2615 fieri
1355 2584 1395 2615 Ca
1438 2584 1451 2623 ΙΙ
1499 2586 1536 2614 ’13
1565 2583 1607 2615 sit
1626 2582 1731 2614 frater
1753 2583 1777 2615 C
1815 2582 1827 2625 ΙΙ

395 2633 432 2662 114
452 2632 633 2672 pluresuel
656 2631 680 2662 C
718 2630 731 2670 ΙΙ
774 2633 812 2661 47
832 2632 915 2661 sunt
936 2629 960 2661 C
993 2629 1005 2669 ΙΙ
1048 2632 1086 2660 49
1106 2630 1256 2661 adierint
1281 2629 1306 2662 C
1344 2629 1357 2668 11
1398 2631 1438 2658 23
1457 2628 1569 2669 gradu
1590 2628 1614 2660 C
1652 2627 1665 2668 ΙΙ
1706 2630 1746 2659 24
1767 2638 1826 2661 so-

395 2678 524 2708 roriuel
548 2677 572 2709 C
619 2676 632 2716 ΙΙ
680 2678 720 2707 26
748 2678 859 2707 matre
890 2675 914 2707 C
961 2675 974 2715 11
1023 2677 1062 2705 28
1092 2675 1174 2716 imp.
1203 2675 1396 2706 antoninus
1422 2674 1446 2706 C
1492 2674 1505 2714 Η
1554 2676 1594 2704 29
1622 2683 1727 2706 manu
1751 2674 1776 2707 C
1814 2672 1826 2716 ΙΙ

394 2725 435 2753 36
462 2723 685 2763 possessione
708 2720 733 2753 C

1847 554 1865 582 Ut

1849 838 1888 867 to

1849 1123 1889 1151 45

1850 1408 1890 1436 ΞΟ

1851 1692 1891 1722 25

1852 1979 1891 2007 30

1851 2262 1892 2290 35
