1966 3081
121 471 143 497 r.)

123 498 143 508 υ

121 585 142 621 3

688 197 800 203 -.
864 176 911 213 15
1465 176 1538 217 le.
1563 178 1596 205 4⁴

171 300 377 350 mitatem,
415 299 577 338 seminis
606 306 744 338 autem
777 304 858 337 tam
890 298 1179 350 impuberibus
1202 311 1324 349 quam
1349 299 1598 351 puberibus,

171 363 210 395 et
248 364 416 408 propter
451 369 575 396 sexus
611 355 889 394 infirmitatem
926 362 966 394 et
1002 362 1171 406 propter
1203 355 1426 394 forensium
1461 369 1601 396 rerum

173 414 455 465 ignorantiam.

285 471 457 509 Tutores
482 475 551 508 aut
572 469 743 520 legitimi
766 476 862 508 sunt
883 476 955 508 aut
977 476 1146 508 senatus
1168 469 1365 508 consultis
1388 471 1598 509 constituti

171 535 239 566 aut
263 526 447 565 moribus
470 524 710 564 introducti.

284 583 470 634 Legitimi
503 589 660 621 tutores
691 590 813 632 sunt,
848 583 917 634 qm·
944 595 995 622 ex
1027 583 1116 634 lege
1147 582 1284 633 aliqua
1317 582 1597 622 descendunt:

170 652 244 692 per
271 640 535 679 eminentiam
568 646 707 679 autem
737 640 907 691 legitimi
941 639 1155 688 dicuntur,
1193 639 1264 690 qui
1297 652 1348 678 ex
1378 639 1470 691 lege
1497 640 1602 679 duo-

170 696 303 736 decim
345 695 581 735 tabularum
618 695 965 747 introducuntur,
1011 709 1085 735 seu
1118 696 1278 748 palam,
1324 697 1468 747 quales
1505 704 1601 736 sunt

122 756 141 792 li
170 754 321 805 agnati,
355 765 428 792 seu
451 766 526 805 per
546 755 898 804 consequentiam,
933 753 1076 804 quales
1099 759 1197 792 sunt
1217 754 1395 804 patroni.
1449 754 1598 805 Agnati

170 817 267 850 sunt
295 822 316 849 a
349 817 466 862 patre
489 811 648 861 cognati
670 811 806 849 uirilis
828 823 952 849 sexus
974 823 1049 862 per
1069 810 1236 849 uirilem
1260 823 1404 850 sexum
1427 810 1602 850 descen-

170 868 314 906 dentes
337 866 522 906 eiusdem
548 866 750 918 familiae,
784 867 915 906 ueluti
939 868 1101 918 patrui,
1138 866 1310 917 fratres,
1346 867 1417 906 filii
1444 867 1595 917 fratris,

121 925 142 963 5
168 924 393 976 patrueles.
443 925 521 970 Qui
544 924 722 964 liberum
745 930 868 976 caput
889 925 1168 976 mancipatum
1191 923 1269 962 sibi
1294 924 1363 963 uel
1385 937 1406 963 a
1428 932 1601 976 parente

170 982 237 1020 uel
267 994 289 1019 a
321 982 663 1032 coemptionatore
696 982 952 1031 manumisit,
987 994 1064 1032 per
1093 980 1412 1020 similitudinem
1441 983 1599 1033 patroni

121 1041 142 1077 6
170 1045 279 1077 tutor
301 1037 497 1087 efficitur,
531 1039 602 1089 qui
626 1038 864 1077 fiduciarius
887 1045 997 1076 tutor
1017 1038 1262 1089 appellatur.
1318 1039 1505 1089 Legitimi
1535 1046 1602 1078 tu-

121 1098 141 1134 7

119 1382 141 1418 8

34 1666 56 1703 9
93 1665 141 1702 40

93 1722 134 1759 ’11

96 2120 142 2158 [13

170 1102 281 1134 tores
310 1095 378 1133 alii
408 1096 576 1133 tutelam
604 1096 645 1133 in
677 1097 765 1134 iure
797 1094 946 1133 cedere
978 1101 1166 1146 possunt.
1221 1096 1272 1144 Is,
1308 1096 1373 1133 cui
1407 1096 1536 1134 tutela
1559 1097 1600 1134 in

173 1153 259 1191 iure
282 1164 394 1190 cessa
417 1158 498 1201 est,
536 1152 731 1191 cessicius
763 1158 874 1190 tutor
904 1151 1152 1203 appellatur.
1207 1152 1278 1202 qui
1302 1153 1390 1191 siue
1413 1160 1600 1191 mortuus

172 1209 295 1248 l‘uerit
324 1210 413 1247 siue
444 1209 576 1259 capite
608 1210 794 1248 minutus
825 1209 913 1247 siue
945 1208 1013 1247 alii
1044 1208 1210 1247 tutelam
1244 1209 1283 1247 in
1305 1209 1392 1247 iure
1414 1210 1597 1259 cesserit,

172 1265 277 1304 redit
307 1264 358 1304 ad
389 1265 620 1316 legitimum
649 1272 827 1304 tutorem
857 1266 1000 1304 tutela.
1046 1265 1121 1304 sed
1152 1272 1193 1304 et
1224 1266 1258 1304 si
1286 1265 1495 1317 legitimus
1527 1266 1602 1306 de-

169 1322 341 1361 cesserit
361 1329 431 1361 aut
454 1323 586 1373 capite
609 1323 793 1361 minutus
820 1322 958 1373 fuerit,
993 1323 1165 1362 cessieia
1188 1335 1355 1374 quoque
1377 1324 1505 1362 tutela
1528 1336 1603 1362 ex-

168 1380 382 1430 tinguitur.
435 1380 642 1426 Quantum
674 1378 726 1418 ad
757 1386 926 1430 agnatos
959 1380 1152 1431 pertinet,
1188 1379 1311 1418 hodie
1343 1382 1509 1420 cessice'a
1534 1388 1601 1419 tu-
1628 1394 1638 1406 ⁹

167 1436 246 1474 tela
277 1448 358 1475 non
390 1436 599 1487 procedit,
632 1438 826 1488 quoniam
856 1437 1108 1488 permissum
1140 1443 1226 1475 erat
1258 1438 1299 1476 in
1333 1438 1421 1476 iure
1451 1436 1601 1476 cedere

168 1493 335 1532 tutelam
360 1493 609 1532 feminarum
632 1501 816 1543 tantum,
851 1506 930 1532 non
956 1495 1081 1532 etiam
1103 1494 1399 1543 masculorum,
1426 1493 1602 1534 femina-

169 1563 261 1589 rum
294 1557 430 1589 autem
461 1551 664 1601 legitimas
695 1551 846 1589 tutelas
868 1551 935 1588 lex
956 1549 1126 1589 Claudia
1148 1551 1318 1589 sustulit
1340 1558 1511 1603 excepta
1533 1559 1602 1590 tu—

168 1607 247 1646 tela
270 1614 554 1658 patronorum.

284 1665 479 1715 Legitima
510 1664 637 1703 tutela
667 1665 815 1715 capitis
846 1663 1131 1703 deminutione
1162 1665 1379 1703 amittitur.
1446 1665 1601 1716 Capitis

169 1722 411 1760 minutionis
433 1722 593 1773 species
615 1728 711 1760 sunt
732 1729 838 1771 tres,
866 1722 1065 1771 maxima,
1094 1721 1252 1771 media,
1279 1722 1463 1760 minima.
1517 1723 1603 1760 Ma—

167 1779 279 1817 xima
309 1778 454 1830 capitis
484 1777 710 1817 deminutio
742 1785 824 1829 est,
859 1791 935 1829 per
966 1790 1088 1829 quam
1121 1785 1161 1817 et
1192 1779 1339 1817 ciuitas
1367 1784 1407 1817 et
1428 1777 1603 1817 libertas

168 1836 392 1874 amittitur:
438 1835 569 1875 ueluti
601 1848 694 1874 cum
726 1836 922 1874 incensus
954 1835 1103 1886 aliquis
1139 1836 1342 1885 uenierit,
1384 1842 1455 1874 aut
1491 1835 1602 1887 quod

169 1893 317 1932 mulier
347 1893 481 1931 alieno
512 1905 634 1931 seruo
665 1905 708 1931 se
740 1893 925 1931 iunxerit
956 1892 1226 1931 denuntiante
1257 1891 1423 1931 domino
1456 1898 1497 1931 et
1528 1906 1604 1931 an-

169 1950 260 1988 cilla
293 1950 395 1988 facta
427 1949 555 1988 fuerit
587 1962 638 1988 ex
669 1956 837 1988 senatus
868 1949 1053 1988 consulto
1086 1948 1323 1988 Claudiano.
1376 1949 1510 1988 Media
1533 1962 1602 1989 ca-

169 2007 267 2058 pitis
289 2006 518 2045 deminutio
540 2006 714 2056 dicitur,
751 2020 826 2058 per
855 2019 978 2057 quam
1007 2007 1090 2044 sola
1112 2007 1280 2045 ciuitate
1303 2008 1451 2045 amissa
1474 2006 1605 2046 liber-

171 2071 232 2102 tas
264 2064 490 2102 retinetur:
527 2062 637 2114 quod
669 2063 713 2102 fit
745 2064 787 2101 in
819 2076 865 2102 eo
897 2064 962 2102 eui
993 2076 1100 2114 aqua
1132 2072 1172 2103 et
1204 2064 1289 2116 igni
1321 2063 1599 2103 interdicitur.

171 2120 334 2158 Minima
365 2120 511 2171 capitis
540 2119 770 2159 deminutio
799 2128 873 2170 est,
910 2133 986 2171 per
1017 2133 1140 2171 quam
1164 2127 1203 2159 et
1224 2121 1390 2160 ciuitate
1413 2127 1453 2159 et
1476 2120 1605 2159 liber—

171 2184 253 2215 tate
287 2177 399 2215 salua
429 2184 559 2215 status
589 2176 801 2216 dumtaxat
835 2177 1014 2216 hominis
1050 2184 1255 2217 mutatur:
1302 2177 1412 2228 quod
1451 2177 1493 2216 fit
1528 2177 1604 2216 ad-

170 2235 334 2284 optione
359 2241 399 2272 et
422 2235 463 2272 in
486 2246 651 2272 manum
674 2234 957 2272 conuentione.

830 2347 1583 2354 v›Axuraem--rr>m›«n›»=ae«-x-—-.»—2ae*ff>—2⁶--«

265 2430 275 2456 4
302 2429 373 2458 tam
392 2436 455 2458 om.
483 2427 507 2459 C
530 2424 542 2467 ΙΙ
566 2430 582 2457 3
605 2428 778 2467 ignoratia
800 2426 824 2458 C
847 2425 859 2468 ΙΙ
885 2429 898 2457 ⁴
922 2427 1052 2458 senatis
1075 2427 1140 2459 Ca?
1164 2425 1176 2468 ΙΙ
1201 2429 1217 2458 6
1238 2428 1297 2468 qui
1317 2436 1380 2458 om.
1406 2426 1430 2458 C
1460 2425 1471 2468 ΙΙ
1503 2429 1520 2457 8
1539 2436 1604 2468 pa-

173 2472 240 2503 lam
264 2472 400 2508 Vahlen,
422 2473 603 2513 pei-palam
627 2473 651 2504 C
689 2471 701 2514 ll
742 2475 759 2503 9
778 2473 885 2512 agniti
908 2472 933 2504 C
961 2470 974 2514 fl
1005 2473 1112 2513 agniti
1135 2472 1159 2504 C
1197 2470 1209 2514 Η
1251 2475 1285 2502 tt
1309 2473 1423 2513 patrui
1438 2476 1515 2511 post
1533 2472 1604 2504 fra-

172 2518 234 2549 tris
260 2519 397 2549 collocat
419 2518 617 2550 Charondas
664 2516 675 2559 ΙΙ
729 2521 762 2549 12
790 2518 961 2559 patruelis
983 2518 1008 2551 C
1051 2516 1064 2559 Η
1114 2521 1151 2549 43
1179 2519 1510 2559 quoemptianatore
1532 2518 1557 2550 C
1593 2517 1605 2559 l,

173 2565 211 2593 45
239 2562 298 2594 alii
318 2563 427 2594 tutela
451 2564 475 2596 C
522 2562 533 2606 ΙΙ
582 2566 620 2594 46
649 2572 819 2595 concessa
842 2563 866 2595 C
904 2562 916 2606 [Ι
956 2564 1113 2596 cessicus
1136 2563 1160 2596 C
1197 2561 1209 2605 ΙΙ
1257 2565 1294 2593 47
1323 2562 1432 2594 tutela
1455 2563 1480 2595 C
1517 2561 1530 2604 ss
1569 2564 1604 2594 in

174 2608 248 2640 iure
274 2610 422 2640 cesserit
449 2610 588 2649 Roeder,
615 2610 830 2650 processerit
859 2608 884 2640 C
927 2606 940 2651 Η
987 2611 1028 2640 20
1056 2611 1169 2641 cessia
1200 2608 1224 2640 C
1269 2606 1281 2650 [Ι
1329 2610 1370 2638 22
1396 2608 1503 2639 tutela
1526 2607 1551 2640 C
1594 2607 1607 2651 ΙΙ

174 2654 213 2682 23
241 2655 390 2686 sustinet
410 2654 434 2686 C
478 2652 490 2696 ll
538 2657 577 2685 28
603 2655 744 2686 ueneritv
764 2654 789 2686 C
832 2651 844 2696 ΙΙ
891 2658 950 2686 aut
969 2655 1110 2691 mulier,
1130 2654 1225 2695 quod
1244 2654 1359 2684 alieno
1378 2662 1405 2685 s.
1427 2661 1455 2685 s.
1476 2654 1514 2693 i.‚
1543 2653 1606 2686 de-

176 2699 358 2731 nuntiante
376 2700 522 2741 domino
541 2701 620 2732 eius
637 2700 766 2732 ancilla
786 2700 939 2732 Huschke
977 2698 990 2741 ΙΙ
1031 2703 1071 2731 35
1098 2708 1206 2731 manu
1226 2698 1430 2731 conditione
1452 2698 1476 2730 C

1628 539 1644 566 ὃ

1630 821 1667 848 40

1630 1107 1668 1135 45

1628 1676 1668 1704 25

1629 1958 1669 1986 30

1628 2242 1668 2271 35
