1966 3081
370 154 509 194 κιμεςι
890 176 999 181 -.-
1062 153 1115 193 32
1175 177 1287 181 .—

813 286 899 331 [xxv
959 292 1006 318 m:
1038 279 1358 331 rmsieomussts]

483 357 864 398 Fideicommissum
906 366 990 410 est,
1036 358 1147 410 quod
1186 372 1267 398 non
1299 358 1496 398 ciuilibus
1528 358 1689 410 uerbis,
1733 359 1807 399 sed

368 417 580 467 precatiue
615 415 867 466 relinquitur
899 428 975 455 nec
998 429 1049 455 ex
1072 417 1207 468 rigore
1233 417 1334 455 iuris
1356 417 1492 455 ciuilis
1515 416 1803 468 proficiscitur,

324 486 330 493 ·
369 472 443 512 sed
466 486 516 512 ex
539 473 752 512 uoluntate
775 472 898 512 datur
915 473 1206 524 relinquentis.
1241 473 1374 512 Verba
1400 473 1806 513 fideicommissorum

368 531 408 568 in
433 542 511 569 usu
540 530 633 582 fere.
658 530 758 569 baec
779 537 899 569 sunt:
937 542 1039 568 riom
1061 542 1288 580 comnrro,
1314 543 1425 579 pero,
1453 543 1555 570 voto
1578 543 1668 570 mm
1691 537 1732 570 et
1752 532 1809 570 si—

319 595 324 619 ῑ
370 588 494 625 milia.
540 588 672 626 Etiam
696 594 801 626 nutu
830 587 1071 638 relinquere
1101 586 1463 626 fideicommissum
1498 600 1572 626 usu
1597 594 1807 640 receptum

320 646 332 675 >'
369 651 444 683 est.
496 644 870 683 Fideicommisszcm
901 645 1139 695 relinquere
1171 651 1362 695 possunt,
1403 645 1475 696 qui
1513 651 1807 685 testamentum

369 701 501 740 facere
525 709 721 752 possunt,
750 701 843 740 licet
866 713 947 739 non
971 701 1162 740 fecerint.
1214 714 1304 740 nam
1339 702 1529 741 intestato
1559 703 1652 753 quis
1683 703 1808 741 mori-

370 767 489 797 turus
523 758 883 797 fideicommissum
916 759 1157 808 relinquere
1191 765 1340 809 potest.
1391 760 1469 797 Res
1492 771 1567 810 per
1598 759 1808 798 fideicom-

370 817 540 854 missum
566 816 741 866 relinqui
763 822 950 866 possunt,
977 827 1083 866 quae
1106 815 1230 853 etiam
1254 828 1330 866 per
1352 814 1659 855 damnationem
1681 816 1807 868 legari

330 876 338 889 ‘¹
370 880 555 923 possunt.
601 872 933 911 Fideicommissa
966 871 1057 911 dari
1088 880 1265 923 possunt
1295 872 1379 921 his,
1414 872 1562 923 quibus
1584 873 1711 924 legari
1735 886 1810 925 po—

369 937 462 968 test.
514 930 644 967 Latini
668 930 829 968 Iuniani
862 928 1225 968 fideicommissum
1248 942 1397 980 capere
1420 936 1607 981 possunt,
1634 931 1727 969 licet
1751 931 1811 969 le-

369 994 508 1037 gatum
539 999 688 1038 capere
712 999 794 1025 non
815 987 988 1037 possint.
1035 986 1422 1026 Fideicommissum
1454 993 1493 1025 et
1523 994 1618 1026 ante
1641 987 1810 1027 heredis

370 1044 670 1083 institutionem
701 1051 737 1081 et
761 1050 854 1095 post
884 1050 1056 1082 mortem
1091 1044 1258 1082 heredis
1290 1050 1330 1082 et
1352 1043 1555 1083 codicillis
1584 1044 1706 1083 etiam
1729 1057 1808 1083 non

368 1101 621 1140 confirmatis
644 1108 888 1139 testamento
911 1101 1001 1140 dari
1025 1107 1182 1152 potest.
1213 1101 1309 1140 licet
1332 1101 1458 1152 legari
1484 1102 1539 1140 ita
1560 1114 1641 1140 non
1664 1102 1807 1153 possit.

322 1188 326 1193 ,
368 1160 467 1197 ltem
500 1158 653 1197 Graece
693 1157 1056 1197 fideicommissum
1093 1159 1293 1209 scriptum
1325 1159 1458 1203 ualet,
1501 1159 1595 1197 licet
1631 1158 1810 1210 legatum

369 1216 523 1254 Graece
552 1216 753 1266 scriptum
786 1228 866 1254 non
892 1216 1041 1254 ualeat.
1091 1216 1190 1253 Filio
1222 1215 1293 1266 qui
1326 1215 1366 1253 in
1397 1221 1598 1266 potestate
1631 1223 1693 1255 est
1722 1228 1811 1255 ser-

370 1285 473 1312 uoue
507 1271 738 1311 heredibus
760 1273 984 1322 institutis,
1013 1285 1087 1311 seu
1112 1273 1173 1311 his
1195 1273 1378 1323 legatum
1401 1273 1467 1322 sit,
1494 1274 1623 1324 patris
1647 1273 1712 1312 uel
1737 1272 1811 1312 do-

370 1331 468 1368 mini
493 1329 587 1368 fidei
620 1329 816 1368 committi
839 1336 994 1381 potest,
1031 1331 1225 1380 quamuis
1257 1329 1309 1367 ab
1332 1342 1378 1368 eo
1402 1329 1530 1381 legari
1554 1342 1636 1369 non
1659 1331 1805 1382 possit.

369 1388 447 1432 Qui
473 1393 720 1425 testamento
744 1387 865 1425 heres
889 1387 1104 1426 institutus
1126 1393 1210 1436 est,
1238 1386 1439 1425 codicillis
1461 1387 1583 1425 etiam
1607 1400 1689 1426 non
1713 1400 1811 1426 con-

369 1444 538 1482 firmatis
569 1444 701 1495 rogari
732 1450 887 1495 potest⁷
920 1449 965 1483 uc
987 1443 1259 1482 hereditatem
1290 1450 1414 1482 totam
1437 1444 1503 1482 uel
1528 1457 1578 1482 ex
1609 1451 1723 1496 parte
1742 1445 1810 1483 alii

371 1501 572 1548 restituat,
600 1501 792 1552 quamuis
815 1500 972 1539 directo
996 1501 1115 1540 heres
1138 1501 1298 1539 institui
1322 1513 1373 1539 ne
1398 1500 1568 1552 quidem
1591 1501 1811 1540 confirma-

298 1559 341 1596 1⁵2
367 1560 418 1596 tis
441 1557 642 1597 codicillis
663 1558 805 1609 possit.
851 1557 1184 1597 Fideicommissa
1207 1570 1289 1596 non
1313 1570 1389 1609 per
1419 1557 1634 1597 formulam
1660 1566 1811 1609 petun-

371 1623 452 1665 tur,
478 1623 523 1654 ut
546 1616 704 1667 legata7
738 1614 813 1654 sed
835 1615 1013 1666 cognitio
1037 1621 1098 1654 est
1120 1616 1267 1653 Romae
1298 1614 1469 1666 quidem
1493 1616 1707 1655 consulum
1740 1623 1809 1655 aut

370 1673 593 1723 praetoris⁷
630 1674 702 1723 qui
726 1671 1144 1712 fideicommissarius
1166 1678 1360 1722 uocatur⁷
1398 1672 1438 1710 in
1461 1673 1688 1723 prouinciis
1710 1685 1809 1712 uero

298 1731 340 1767 ¹23
369 1729 606 1780 praesidum
626 1730 955 1780 prouinciarum.
993 1730 1149 1775 Poenae
1173 1742 1295 1768 causa
1314 1729 1378 1768 uel
1403 1729 1588 1768 incertae
1612 1742 1809 1780 personae

370 1800 421 1825 ne
445 1785 618 1837 quidem
643 1786 958 1825 fideicommissa
982 1786 1072 1824 dari
1094 1793 1283 1837 possunt.

484 1844 534 1892 Is,
562 1844 633 1894 qui
658 1850 822 1894 rogatus
846 1850 907 1882 est
938 1843 1006 1881 alii
1033 1844 1252 1882 restituere
1275 1842 1573 1893 hereditatem,
1600 1843 1691 1894 lege
1714 1844 1810 1895 qui-

370 1900 465 1938 dem
483 1899 659 1939 Falcidia
679 1900 807 1939 locum.
824 1912 904 1938 non
925 1899 1117 1949 habente,
1145 1901 1341 1951 quoniam
1359 1912 1439 1938 non
1459 1901 1552 1951 plus
1568 1907 1666 1952 puta
1686 1912 1809 1952 quam

371 1957 614 1996 dodrantem
660 1959 881 1995 restituere
923 1963 1086 2005 rogatus
1119 1964 1203 2006 est¹7
1251 1970 1300 1995 ex
1343 1957 1603 1996 Trebelliano
1639 1964 1808 1996 senatus

371 2015 555 2053 consulto
579 2015 782 2062 restituit⁷
819 2022 863 2053 ut
885 2015 920 2052 ei
946 2021 985 2052 et
1009 2015 1048 2052 in
1072 2027 1165 2053 eum
1190 2014 1344 2053 dentur
1365 2015 1569 2063 actiones,
1597 2016 1662 2054 cui
1686 2015 1810 2054 resti-

372 2078 457 2110 tuta
491 2078 551 2110 est
585 2071 816 2110 hereditas:
854 2072 942 2121 lege
971 2078 1108 2110 autem
1133 2071 1309 2110 Falcidia
1338 2073 1669 2118 interueniente,
1705 2084 1810 2123 quo-

372 2130 481 2167 niam
525 2129 616 2178 plus
657 2128 853 2167 dodrante
875 2129 942 2167 uel
975 2130 1098 2167 etiam
1122 2135 1246 2167 totam
1279 2128 1551 2168 hereditatem
1584 2130 1808 2168 restituere

374 2193 538 2237 rogatus
568 2187 643 2235 sit,
681 2198 730 2223 ex
754 2186 973 2238 Peyasiauo
1006 2192 1175 2224 senatus
1208 2185 1392 2224 consulto
1427 2187 1630 2236 restituit,
1664 2193 1711 2225 ut
1732 2185 1809 2225 de-

371 2243 491 2282 ducta
524 2249 643 2294 parte
673 2249 819 2293 quarta
844 2243 947 2294 ipsi,
985 2244 1055 2293 qui
1080 2244 1259 2294 scriptus
1291 2249 1352 2282 est
1374 2244 1520 2293 heres,
1547 2244 1647 2283 etin
1670 2244 1807 2295 ipsum

464 2418 479 2442 3
510 2414 604 2445 iuris
632 2415 707 2445 iure
729 2412 753 2444 G
791 2410 804 2454 ΙΙ
845 2416 861 2442 Γ»
889 2422 972 2444 uere
995 2415 1018 2444 (’
1065 2411 1077 2455 Η
1125 2416 1142 2443 6
1171 2422 1236 2445 usu
1259 2414 1366 2453 Ηιιρο,
1390 2414 1422 2444 in
1442 2422 1509 2445 usu
1532 2413 1556 2445 C
1601 2411 1614 2455 ΙΙ
1661 2416 1677 2443 7
1706 2412 1808 2445 fidei-

373 2461 568 2491 commisso
590 2459 614 2491 C
659 2458 672 2500 ΙΙ
720 2463 737 2488 8
765 2467 860 2498 nam.
884 2468 962 2489 nam
983 2461 1014 2489 et
1039 2458 1063 2490 C
1107 2457 1119 2500 ΙΙ
1170 2462 1204 2489 Η
1237 2460 1291 2490 his
1309 2458 1441 2499 quibus
1465 2459 1580 2497 Titius,
1601 2459 1634 2489 hi
1655 2459 1715 2499 qui
1737 2458 1762 2490 C
1797 2456 1810 2501 Η

378 2509 410 2536 14
441 2505 605 2537 codicelli
638 2505 662 2537 C
708 2510 719 2542 ’Ἴ
770 2507 808 2535 13
838 2505 882 2535 ita
908 2504 1014 2541 les-'ari
1043 2504 1207 2541 Huschke,
1238 2506 1282 2536 ita
1308 2513 1372 2535 om.
1404 2506 1428 2535 ('
1482 2539 1483 2545 ἵ
1532 2506 1568 2535 21
1600 2507 1636 2535 ut
1671 2505 1806 2542 Vahlen,

374 2552 429 2583 uel
457 2554 491 2582 nt
515 2551 540 2583 C
577 2548 588 2593 ΙΙ
628 2553 763 2591 partem
786 2549 811 2581 C
868 2570 869 2574 ,
917 2552 957 2580 25
985 2549 1263 2581 fideicommisso
1293 2550 1317 2581 C
1361 2547 1373 2591 ΙΙ
1421 2552 1460 2580 :26
1488 2549 1715 2590 praesidibus
1737 2549 1762 2582 C
1799 2549 1811 2583 l?

374 2605 590 2629 causacausa
617 2597 664 2627 1³³
702 2594 715 2639 Η
754 2599 795 2626 ‘29
823 2595 942 2627 locum
969 2596 1081 2631 Titius,
1103 2604 1166 2626 om.
1193 2595 1217 2627 C
1255 2595 1267 2637 ΙΙ
1307 2597 1395 2627 inter
1413 2596 1494 2636 plus
1512 2599 1542 2627 et
1559 2598 1643 2636 puta
1661 2604 1810 2627 uacuum

373 2644 522 2682 spatium
549 2643 647 2673 solito
675 2643 786 2672 maius
814 2642 950 2680 reliquit
979 2640 1003 2672 C
1048 2639 1060 2682 Η
1108 2643 1147 2671 33
1174 2641 1387 2672 dodrantem
1418 2640 1442 2672 C
1487 2639 1499 2682 ΙΙ
1546 2642 1586 2671 34
1618 2642 1660 2672 sit
1689 2640 1726 2679 C,
1757 2644 1811 2673 est

373 2688 527 2719 Huschke
551 2686 564 2729 Η
588 2688 776 2729 pecatiano
796 2687 820 2719 C
850 2685 862 2729 ΙΙ
895 2690 934 2717 35
956 2687 1020 2728 ipsi
1039 2711 1046 2717 .
1064 2710 1091 2716 ..
1111 2686 1212 2717 heres
1227 2689 1257 2718 et
1276 2687 1309 2717 in
1329 2687 1434 2727 Huqo,
1453 2687 1526 2727 ipse
1544 2711 1550 2718 .
1566 2711 1572 2718 .
1589 2711 1596 2717 .
1615 2687 1717 2718 heres
1733 2688 1765 2718 in
1786 2686 1811 2719 C
