<?xml version="1.0" encoding="UTF-8"?>
<!DOCTYPE html PUBLIC "-//W3C//DTD XHTML 1.0 Transitional//EN"
    "http://www.w3.org/TR/xhtml1/DTD/xhtml1-transitional.dtd">
<html xmlns="http://www.w3.org/1999/xhtml" xml:lang="en" lang="en">
 <head>
  <title>
</title>
<meta http-equiv="Content-Type" content="text/html;charset=utf-8" />
  <meta name='ocr-system' content='tesseract 3.04.00' />
  <meta name='ocr-capabilities' content='ocr_page ocr_carea ocr_par ocr_line ocrx_word'/>
</head>
<body>
  <div class='ocr_page' id='page_1' title='image "./collectiolibroru02krue_0176.png"; bbox 0 0 1942 3081; ppageno 0'>
   <div class='ocr_carea' id='block_1_1' title="bbox 203 440 225 478">
    <p class='ocr_par' dir='ltr' id='par_1_1' title="bbox 203 440 225 478">
     <span class='ocr_line' id='line_1_1' title="bbox 203 440 225 478; baseline 0 0"><span class='ocrx_word' id='word_1_1' title='bbox 203 440 225 478; x_wconf 77' lang='lat'><strong>7</strong></span> 
     </span>
    </p>
   </div>
   <div class='ocr_carea' id='block_1_2' title="bbox 207 980 228 1015">
    <p class='ocr_par' dir='ltr' id='par_1_2' title="bbox 207 980 228 1015">
     <span class='ocr_line' id='line_1_2' title="bbox 207 980 228 1015; baseline 0 0"><span class='ocrx_word' id='word_1_2' title='bbox 207 980 228 1015; x_wconf 77' lang='lat'>9</span> 
     </span>
    </p>
   </div>
   <div class='ocr_carea' id='block_1_3' title="bbox 187 1562 230 1598">
    <p class='ocr_par' dir='ltr' id='par_1_3' title="bbox 187 1562 230 1598">
     <span class='ocr_line' id='line_1_3' title="bbox 187 1562 230 1598; baseline 0 0"><span class='ocrx_word' id='word_1_3' title='bbox 187 1562 230 1598; x_wconf 68' lang='lat'>12</span> 
     </span>
    </p>
   </div>
   <div class='ocr_carea' id='block_1_4' title="bbox 187 1790 229 1827">
    <p class='ocr_par' dir='ltr' id='par_1_4' title="bbox 187 1790 229 1827">
     <span class='ocr_line' id='line_1_4' title="bbox 187 1790 229 1827; baseline 0 -2"><span class='ocrx_word' id='word_1_4' title='bbox 187 1790 229 1827; x_wconf 79' lang='lat'>13</span> 
     </span>
    </p>
   </div>
   <div class='ocr_carea' id='block_1_5' title="bbox 253 86 1184 124">
    <p class='ocr_par' dir='ltr' id='par_1_5' title="bbox 253 86 1184 124">
     <span class='ocr_line' id='line_1_5' title="bbox 253 86 1184 124; baseline -0.006 -5"><span class='ocrx_word' id='word_1_5' title='bbox 253 88 299 119; x_wconf 83' lang='lat' dir='ltr'>De</span> <span class='ocrx_word' id='word_1_6' title='bbox 321 88 396 119; x_wconf 89' lang='lat' dir='ltr'>iure</span> <span class='ocrx_word' id='word_1_7' title='bbox 413 86 490 118; x_wconf 83' lang='lat' dir='ltr'>fisci</span> <span class='ocrx_word' id='word_1_8' title='bbox 759 108 870 114; x_wconf 86' lang='grc'><em>-...</em></span> <span class='ocrx_word' id='word_1_9' title='bbox 935 86 1012 124; x_wconf 76' lang='lat'>164</span> <span class='ocrx_word' id='word_1_10' title='bbox 1072 107 1184 115; x_wconf 81' lang='lat'><em>—...</em></span> 
     </span>
    </p>
   </div>
   <div class='ocr_carea' id='block_1_6' title="bbox 251 206 1694 493">
    <p class='ocr_par' dir='ltr' id='par_1_6' title="bbox 251 206 1694 493">
     <span class='ocr_line' id='line_1_6' title="bbox 252 206 1693 265; baseline -0.003 -13"><span class='ocrx_word' id='word_1_11' title='bbox 252 213 412 264; x_wconf 74' lang='lat' dir='ltr'>cogitur</span> <span class='ocrx_word' id='word_1_12' title='bbox 433 224 512 251; x_wconf 55' lang='lat' dir='ltr'>na*</span> <span class='ocrx_word' id='word_1_13' title='bbox 538 210 542 265; x_wconf 87' lang='grc'>1</span> <span class='ocrx_word' id='word_1_14' title='bbox 569 228 646 247; x_wconf 51' lang='lat' dir='ltr'>*nea*</span> <span class='ocrx_word' id='word_1_15' title='bbox 671 214 694 251; x_wconf 74' lang='grc' dir='ltr'>ὅ</span> <span class='ocrx_word' id='word_1_16' title='bbox 715 218 761 251; x_wconf 90' lang='lat' dir='ltr'>tu</span> <span class='ocrx_word' id='word_1_17' title='bbox 782 209 834 250; x_wconf 86' lang='lat' dir='ltr'>ad</span> <span class='ocrx_word' id='word_1_18' title='bbox 856 223 950 250; x_wconf 87' lang='lat' dir='ltr'>eum</span> <span class='ocrx_word' id='word_1_19' title='bbox 973 207 1148 264; x_wconf 55' lang='lat' dir='ltr'>10³4in</span> <span class='ocrx_word' id='word_1_20' title='bbox 1170 210 1365 262; x_wconf 88' lang='lat' dir='ltr'>peruenit</span> <span class='ocrx_word' id='word_1_21' title='bbox 1390 206 1564 262; x_wconf 36' lang='lat' dir='ltr'>hwa-el&amp;</span> <span class='ocrx_word' id='word_1_22' title='bbox 1590 207 1693 247; x_wconf 90' lang='lat' dir='ltr'>Cae-</span> 
     </span>
     <span class='ocr_line' id='line_1_7' title="bbox 252 266 1692 317; baseline -0.003 -9"><span class='ocrx_word' id='word_1_23' title='bbox 252 270 357 308; x_wconf 83' lang='lat' dir='ltr'>saris</span> <span class='ocrx_word' id='word_1_24' title='bbox 387 269 439 308; x_wconf 86' lang='lat' dir='ltr'>ab</span> <span class='ocrx_word' id='word_1_25' title='bbox 468 268 819 308; x_wconf 75' lang='lat' dir='ltr'>administratione</span> <span class='ocrx_word' id='word_1_26' title='bbox 853 280 993 307; x_wconf 85' lang='lat' dir='ltr'>rerum</span> <span class='ocrx_word' id='word_1_27' title='bbox 1015 279 1182 307; x_wconf 80' lang='lat' dir='ltr'>suarum</span> <span class='ocrx_word' id='word_1_28' title='bbox 1205 267 1390 317; x_wconf 80' lang='lat' dir='ltr'>itemque</span> <span class='ocrx_word' id='word_1_29' title='bbox 1413 266 1692 304; x_wconf 79' lang='lat' dir='ltr'>communium</span> 
     </span>
     <span class='ocr_line' id='line_1_8' title="bbox 252 321 1693 377; baseline -0.004 -11"><span class='ocrx_word' id='word_1_30' title='bbox 252 339 392 366; x_wconf 89' lang='lat' dir='ltr'>rerum</span> <span class='ocrx_word' id='word_1_31' title='bbox 425 326 672 365; x_wconf 82' lang='lat' dir='ltr'>commercio</span> <span class='ocrx_word' id='word_1_32' title='bbox 705 338 786 365; x_wconf 89' lang='lat' dir='ltr'>non</span> <span class='ocrx_word' id='word_1_33' title='bbox 818 324 1114 377; x_wconf 89' lang='lat' dir='ltr'>prohibentur:</span> <span class='ocrx_word' id='word_1_34' title='bbox 1152 324 1255 363; x_wconf 88' lang='lat' dir='ltr'>adeo</span> <span class='ocrx_word' id='word_1_35' title='bbox 1278 331 1316 363; x_wconf 90' lang='lat' dir='ltr'>et</span> <span class='ocrx_word' id='word_1_36' title='bbox 1339 323 1531 375; x_wconf 83' lang='lat' dir='ltr'>stipulari</span> <span class='ocrx_word' id='word_1_37' title='bbox 1553 321 1606 361; x_wconf 87' lang='lat' dir='ltr'>ab</span> <span class='ocrx_word' id='word_1_38' title='bbox 1628 323 1693 361; x_wconf 91' lang='lat' dir='ltr'>his</span> 
     </span>
     <span class='ocr_line' id='line_1_9' title="bbox 254 378 1694 435; baseline -0.003 -13"><span class='ocrx_word' id='word_1_39' title='bbox 254 390 293 422; x_wconf 81' lang='lat' dir='ltr'>et</span> <span class='ocrx_word' id='word_1_40' title='bbox 315 395 450 423; x_wconf 89' lang='lat' dir='ltr'>emere</span> <span class='ocrx_word' id='word_1_41' title='bbox 473 383 724 424; x_wconf 86' lang='lat' dir='ltr'>donatumue</span> <span class='ocrx_word' id='word_1_42' title='bbox 745 383 932 435; x_wconf 85' lang='lat' dir='ltr'>accipere</span> <span class='ocrx_word' id='word_1_43' title='bbox 955 394 1189 434; x_wconf 86' lang='lat' dir='ltr'>possumus,</span> <span class='ocrx_word' id='word_1_44' title='bbox 1217 381 1297 420; x_wconf 86' lang='lat' dir='ltr'>nisi</span> <span class='ocrx_word' id='word_1_45' title='bbox 1321 392 1413 419; x_wconf 87' lang='lat' dir='ltr'>cum</span> <span class='ocrx_word' id='word_1_46' title='bbox 1438 380 1479 419; x_wconf 91' lang='lat' dir='ltr'>in</span> <span class='ocrx_word' id='word_1_47' title='bbox 1501 378 1694 419; x_wconf 81' lang='lat' dir='ltr'>fraudem</span> 
     </span>
     <span class='ocr_line' id='line_1_10' title="bbox 251 437 1694 493; baseline -0.003 -13"><span class='ocrx_word' id='word_1_48' title='bbox 251 441 453 493; x_wconf 90' lang='lat' dir='ltr'>portionis</span> <span class='ocrx_word' id='word_1_49' title='bbox 476 441 664 480; x_wconf 81' lang='lat' dir='ltr'>Caesaris</span> <span class='ocrx_word' id='word_1_50' title='bbox 693 440 776 479; x_wconf 86' lang='lat' dir='ltr'>fiat.</span> <span class='ocrx_word' id='word_1_51' title='bbox 833 440 912 488; x_wconf 69' lang='lat' dir='ltr'>Qut</span> <span class='ocrx_word' id='word_1_52' title='bbox 939 446 1124 478; x_wconf 89' lang='lat' dir='ltr'>mutuam</span> <span class='ocrx_word' id='word_1_53' title='bbox 1156 439 1377 491; x_wconf 84' lang='lat' dir='ltr'>pecuniam</span> <span class='ocrx_word' id='word_1_54' title='bbox 1399 443 1541 476; x_wconf 88' lang='lat' dir='ltr'>contra</span> <span class='ocrx_word' id='word_1_55' title='bbox 1564 437 1694 475; x_wconf 89' lang='lat' dir='ltr'>inter-</span> 
     </span>
    </p>
   </div>
   <div class='ocr_carea' id='block_1_7' title="bbox 253 492 1420 595">
    <p class='ocr_par' dir='ltr' id='par_1_7' title="bbox 253 492 1420 595">
     <span class='ocr_line' id='line_1_11' title="bbox 253 492 1420 550; baseline -0.003 -13"><span class='ocrx_word' id='word_1_56' title='bbox 253 497 408 537; x_wconf 87' lang='lat' dir='ltr'>dictum</span> <span class='ocrx_word' id='word_1_57' title='bbox 452 497 728 550; x_wconf 81' lang='lat' dir='ltr'>dispensatori</span> <span class='ocrx_word' id='word_1_58' title='bbox 768 497 982 537; x_wconf 89' lang='lat' dir='ltr'>uicarioue</span> <span class='ocrx_word' id='word_1_59' title='bbox 1021 497 1110 535; x_wconf 92' lang='lat' dir='ltr'>eius</span> <span class='ocrx_word' id='word_1_60' title='bbox 1145 494 1375 535; x_wconf 83' lang='lat' dir='ltr'>crediderit</span> <span class='ocrx_word' id='word_1_61' title='bbox 1409 492 1420 548; x_wconf 86' lang='grc'>11</span> 
     </span>
     <span class='ocr_line' id='line_1_12' title="bbox 315 555 802 595; baseline -0.006 -8"><span class='ocrx_word' id='word_1_62' title='bbox 315 557 496 595; x_wconf 78' lang='lat' dir='ltr'>perierunt</span> <span class='ocrx_word' id='word_1_63' title='bbox 511 555 583 595; x_wconf 82' lang='lat' dir='ltr'>sere</span> <span class='ocrx_word' id='word_1_64' title='bbox 600 558 621 588; x_wconf 71' lang='grc'>2</span> <span class='ocrx_word' id='word_1_65' title='bbox 637 555 802 586; x_wconf 78' lang='lat' dir='ltr'>uersiculi</span> 
     </span>
    </p>
   </div>
   <div class='ocr_carea' id='block_1_8' title="bbox 261 598 1356 606">
    <p class='ocr_par' dir='ltr' id='par_1_8' title="bbox 261 598 1356 606">
     <span class='ocr_line' id='line_1_13' title="bbox 261 598 1356 606; baseline 0 0"><span class='ocrx_word' id='word_1_66' title='bbox 261 598 1356 606; x_wconf 95' lang='lat' dir='ltr'> </span> 
     </span>
    </p>
   </div>
   <div class='ocr_carea' id='block_1_9' title="bbox 255 570 1697 914">
    <p class='ocr_par' dir='ltr' id='par_1_9' title="bbox 255 570 1697 914">
     <span class='ocr_line' id='line_1_14' title="bbox 1369 570 1695 627; baseline -0.003 -15"><span class='ocrx_word' id='word_1_67' title='bbox 1369 575 1410 613; x_wconf 90' lang='lat' dir='ltr'>in</span> <span class='ocrx_word' id='word_1_68' title='bbox 1430 570 1695 627; x_wconf 70' lang='lat' dir='ltr'>poenam}—</span> 
     </span>
     <span class='ocr_line' id='line_1_15' title="bbox 392 632 1695 685; baseline -0.005 -11"><span class='ocrx_word' id='word_1_69' title='bbox 392 636 554 685; x_wconf 86' lang='lat' dir='ltr'>enitur‚</span> <span class='ocrx_word' id='word_1_70' title='bbox 601 635 699 685; x_wconf 89' lang='lat' dir='ltr'>quia</span> <span class='ocrx_word' id='word_1_71' title='bbox 731 632 842 685; x_wconf 90' lang='lat' dir='ltr'>quod</span> <span class='ocrx_word' id='word_1_72' title='bbox 875 633 879 681; x_wconf 89' lang='grc' dir='ltr'>Ι</span> <span class='ocrx_word' id='word_1_73' title='bbox 912 632 1086 672; x_wconf 79' lang='lat' dir='ltr'>credidit</span> <span class='ocrx_word' id='word_1_74' title='bbox 1117 645 1198 671; x_wconf 90' lang='lat' dir='ltr'>non</span> <span class='ocrx_word' id='word_1_75' title='bbox 1231 632 1384 671; x_wconf 85' lang='lat' dir='ltr'>amisit.</span> <span class='ocrx_word' id='word_1_76' title='bbox 1449 632 1527 679; x_wconf 73' lang='lat' dir='ltr'>Qui</span> <span class='ocrx_word' id='word_1_77' title='bbox 1555 634 1695 669; x_wconf 78' lang='lat' dir='ltr'>contra</span> 
     </span>
     <span class='ocr_line' id='line_1_16' title="bbox 255 688 1697 742; baseline -0.003 -11"><span class='ocrx_word' id='word_1_78' title='bbox 255 691 434 732; x_wconf 83' lang='lat' dir='ltr'>edietum</span> <span class='ocrx_word' id='word_1_79' title='bbox 466 691 554 731; x_wconf 92' lang='lat' dir='ltr'>diui</span> <span class='ocrx_word' id='word_1_80' title='bbox 576 689 754 742; x_wconf 60' lang='lat' dir='ltr'>Augusti</span> <span class='ocrx_word' id='word_1_81' title='bbox 774 703 859 729; x_wconf 79' lang='lat' dir='ltr'>rem</span> <span class='ocrx_word' id='word_1_82' title='bbox 883 690 1104 741; x_wconf 75' lang='lat' dir='ltr'>litigiosam</span> <span class='ocrx_word' id='word_1_83' title='bbox 1127 702 1149 728; x_wconf 90' lang='lat' dir='ltr'>a</span> <span class='ocrx_word' id='word_1_84' title='bbox 1171 701 1250 727; x_wconf 74' lang='lat' dir='ltr'>non</span> <span class='ocrx_word' id='word_1_85' title='bbox 1267 688 1505 740; x_wconf 76' lang='lat' dir='ltr'>possidente</span> <span class='ocrx_word' id='word_1_86' title='bbox 1528 700 1697 739; x_wconf 87' lang='lat' dir='ltr'>compa-</span> 
     </span>
     <span class='ocr_line' id='line_1_17' title="bbox 256 746 1694 801; baseline -0.004 -13"><span class='ocrx_word' id='word_1_87' title='bbox 256 749 377 799; x_wconf 85' lang='lat' dir='ltr'>rauit,</span> <span class='ocrx_word' id='word_1_88' title='bbox 402 755 697 801; x_wconf 80' lang='lat' dir='ltr'>praeterquam</span> <span class='ocrx_word' id='word_1_89' title='bbox 720 747 823 800; x_wconf 80' lang='lat' dir='ltr'>quod</span> <span class='ocrx_word' id='word_1_90' title='bbox 845 748 999 799; x_wconf 84' lang='lat' dir='ltr'>emptio</span> <span class='ocrx_word' id='word_1_91' title='bbox 1021 746 1177 786; x_wconf 88' lang='lat' dir='ltr'>nullius</span> <span class='ocrx_word' id='word_1_92' title='bbox 1200 746 1398 785; x_wconf 85' lang='lat' dir='ltr'>momenti</span> <span class='ocrx_word' id='word_1_93' title='bbox 1417 752 1491 794; x_wconf 92' lang='lat' dir='ltr'>est,</span> <span class='ocrx_word' id='word_1_94' title='bbox 1517 756 1694 796; x_wconf 90' lang='lat' dir='ltr'>poenam</span> 
     </span>
     <span class='ocr_line' id='line_1_18' title="bbox 256 802 1692 858; baseline -0.003 -14"><span class='ocrx_word' id='word_1_95' title='bbox 256 806 560 858; x_wconf 79' lang='lat' dir='ltr'>quinquaginta</span> <span class='ocrx_word' id='word_1_96' title='bbox 597 806 885 844; x_wconf 88' lang='lat' dir='ltr'>sestertiorum</span> <span class='ocrx_word' id='word_1_97' title='bbox 922 804 1016 843; x_wconf 91' lang='lat' dir='ltr'>fisco</span> <span class='ocrx_word' id='word_1_98' title='bbox 1058 810 1376 855; x_wconf 82' lang='lat' dir='ltr'>repraesentare</span> <span class='ocrx_word' id='word_1_99' title='bbox 1418 802 1692 853; x_wconf 83' lang='lat' dir='ltr'>compellitur.</span> 
     </span>
     <span class='ocr_line' id='line_1_19' title="bbox 256 857 1695 914; baseline -0.004 -12"><span class='ocrx_word' id='word_1_100' title='bbox 256 876 324 902; x_wconf 84' lang='lat' dir='ltr'>res</span> <span class='ocrx_word' id='word_1_101' title='bbox 355 870 495 902; x_wconf 88' lang='lat' dir='ltr'>autem</span> <span class='ocrx_word' id='word_1_102' title='bbox 525 863 703 914; x_wconf 78' lang='lat' dir='ltr'>litigiosa</span> <span class='ocrx_word' id='word_1_103' title='bbox 734 861 927 911; x_wconf 87' lang='lat' dir='ltr'>uidetur,</span> <span class='ocrx_word' id='word_1_104' title='bbox 964 860 1015 900; x_wconf 93' lang='lat' dir='ltr'>de</span> <span class='ocrx_word' id='word_1_105' title='bbox 1048 873 1130 912; x_wconf 88' lang='lat' dir='ltr'>qua</span> <span class='ocrx_word' id='word_1_106' title='bbox 1160 861 1211 899; x_wconf 92' lang='lat' dir='ltr'>lis</span> <span class='ocrx_word' id='word_1_107' title='bbox 1237 859 1349 912; x_wconf 88' lang='lat' dir='ltr'>apud</span> <span class='ocrx_word' id='word_1_108' title='bbox 1371 872 1492 899; x_wconf 92' lang='lat' dir='ltr'>suum</span> <span class='ocrx_word' id='word_1_109' title='bbox 1515 857 1695 898; x_wconf 88' lang='lat' dir='ltr'>iudicem</span> 
     </span>
    </p>
   </div>
   <div class='ocr_carea' id='block_1_10' title="bbox 253 658 387 663">
    <p class='ocr_par' dir='ltr' id='par_1_10' title="bbox 253 658 387 663">
     <span class='ocr_line' id='line_1_20' title="bbox 253 658 387 663; baseline 0 0"><span class='ocrx_word' id='word_1_110' title='bbox 253 658 387 663; x_wconf 95' lang='lat' dir='ltr'> </span> 
     </span>
    </p>
   </div>
   <div class='ocr_carea' id='block_1_11' title="bbox 255 916 1698 1204">
    <p class='ocr_par' dir='ltr' id='par_1_11' title="bbox 255 916 1698 1204">
     <span class='ocr_line' id='line_1_21' title="bbox 256 916 1697 971; baseline -0.003 -12"><span class='ocrx_word' id='word_1_111' title='bbox 256 920 392 959; x_wconf 87' lang='lat' dir='ltr'>delata</span> <span class='ocrx_word' id='word_1_112' title='bbox 415 926 491 959; x_wconf 91' lang='lat' dir='ltr'>est.</span> <span class='ocrx_word' id='word_1_113' title='bbox 538 919 612 959; x_wconf 90' lang='lat' dir='ltr'>sed</span> <span class='ocrx_word' id='word_1_114' title='bbox 645 919 719 958; x_wconf 88' lang='lat' dir='ltr'>hoc</span> <span class='ocrx_word' id='word_1_115' title='bbox 751 920 792 958; x_wconf 90' lang='lat' dir='ltr'>in</span> <span class='ocrx_word' id='word_1_116' title='bbox 823 918 1154 971; x_wconf 86' lang='lat' dir='ltr'>prouincialibus</span> <span class='ocrx_word' id='word_1_117' title='bbox 1185 916 1326 957; x_wconf 91' lang='lat' dir='ltr'>fundis</span> <span class='ocrx_word' id='word_1_118' title='bbox 1355 928 1484 968; x_wconf 88' lang='lat' dir='ltr'>praua</span> <span class='ocrx_word' id='word_1_119' title='bbox 1515 927 1697 967; x_wconf 88' lang='lat' dir='ltr'>usurpa-</span> 
     </span>
     <span class='ocr_line' id='line_1_22' title="bbox 255 973 1696 1029; baseline -0.004 -12"><span class='ocrx_word' id='word_1_120' title='bbox 255 979 368 1017; x_wconf 86' lang='lat' dir='ltr'>tione</span> <span class='ocrx_word' id='word_1_121' title='bbox 389 978 585 1029; x_wconf 88' lang='lat' dir='ltr'>optinuit.</span> <span class='ocrx_word' id='word_1_122' title='bbox 629 975 838 1016; x_wconf 89' lang='lat' dir='ltr'>Absentes</span> <span class='ocrx_word' id='word_1_123' title='bbox 862 975 1061 1027; x_wconf 80' lang='lat' dir='ltr'>fugitiuos</span> <span class='ocrx_word' id='word_1_124' title='bbox 1082 987 1238 1014; x_wconf 90' lang='lat' dir='ltr'>uenum</span> <span class='ocrx_word' id='word_1_125' title='bbox 1262 974 1353 1014; x_wconf 89' lang='lat' dir='ltr'>dari</span> <span class='ocrx_word' id='word_1_126' title='bbox 1375 981 1443 1013; x_wconf 89' lang='lat' dir='ltr'>aut</span> <span class='ocrx_word' id='word_1_127' title='bbox 1467 973 1696 1024; x_wconf 89' lang='lat' dir='ltr'>comparari</span> 
     </span>
     <span class='ocr_line' id='line_1_23' title="bbox 255 1029 1697 1087; baseline -0.003 -14"><span class='ocrx_word' id='word_1_128' title='bbox 255 1035 536 1087; x_wconf 86' lang='lat' dir='ltr'>amplissimus</span> <span class='ocrx_word' id='word_1_129' title='bbox 566 1033 667 1073; x_wconf 92' lang='lat' dir='ltr'>ordo</span> <span class='ocrx_word' id='word_1_130' title='bbox 698 1033 916 1086; x_wconf 85' lang='lat' dir='ltr'>prohibuit</span> <span class='ocrx_word' id='word_1_131' title='bbox 946 1032 1192 1072; x_wconf 84' lang='lat' dir='ltr'>denuntiata</span> <span class='ocrx_word' id='word_1_132' title='bbox 1224 1033 1266 1071; x_wconf 90' lang='lat' dir='ltr'>in</span> <span class='ocrx_word' id='word_1_133' title='bbox 1291 1038 1521 1083; x_wconf 88' lang='lat' dir='ltr'>emptorem</span> <span class='ocrx_word' id='word_1_134' title='bbox 1542 1029 1697 1070; x_wconf 88' lang='lat' dir='ltr'>uendi-</span> 
     </span>
     <span class='ocr_line' id='line_1_24' title="bbox 257 1087 1698 1144; baseline -0.004 -13"><span class='ocrx_word' id='word_1_135' title='bbox 257 1099 472 1143; x_wconf 90' lang='lat' dir='ltr'>toremque</span> <span class='ocrx_word' id='word_1_136' title='bbox 494 1104 627 1144; x_wconf 89' lang='lat' dir='ltr'>poena</span> <span class='ocrx_word' id='word_1_137' title='bbox 649 1091 939 1131; x_wconf 88' lang='lat' dir='ltr'>sestertiorum</span> <span class='ocrx_word' id='word_1_138' title='bbox 963 1091 1290 1142; x_wconf 75' lang='lat' dir='ltr'>quinquaginta,</span> <span class='ocrx_word' id='word_1_139' title='bbox 1326 1101 1432 1140; x_wconf 86' lang='lat' dir='ltr'>quae</span> <span class='ocrx_word' id='word_1_140' title='bbox 1455 1087 1578 1127; x_wconf 91' lang='lat' dir='ltr'>hodie</span> <span class='ocrx_word' id='word_1_141' title='bbox 1602 1087 1698 1126; x_wconf 85' lang='lat' dir='ltr'>fisco</span> 
     </span>
     <span class='ocr_line' id='line_1_25' title="bbox 255 1146 521 1204; baseline -0.008 -15"><span class='ocrx_word' id='word_1_142' title='bbox 255 1146 521 1204; x_wconf 75' lang='lat' dir='ltr'>uindisscatur.</span> 
     </span>
    </p>
   </div>
   <div class='ocr_carea' id='block_1_12' title="bbox 844 1250 1120 1290">
    <p class='ocr_par' dir='ltr' id='par_1_12' title="bbox 844 1250 1120 1290">
     <span class='ocr_line' id='line_1_26' title="bbox 844 1250 1120 1290; baseline -0.004 -1"><span class='ocrx_word' id='word_1_143' title='bbox 844 1251 878 1289; x_wconf 83' lang='lat' dir='ltr'><em>F</em></span> <span class='ocrx_word' id='word_1_144' title='bbox 879 1250 968 1290; x_wconf 90' lang='lat' dir='ltr'>OLI</span> <span class='ocrx_word' id='word_1_145' title='bbox 975 1251 1044 1289; x_wconf 80' lang='lat' dir='ltr'>VM</span> <span class='ocrx_word' id='word_1_146' title='bbox 1076 1251 1120 1288; x_wconf 93' lang='lat' dir='ltr'>II</span> 
     </span>
    </p>
   </div>
   <div class='ocr_carea' id='block_1_13' title="bbox 123 1327 1701 1385">
    <p class='ocr_par' dir='ltr' id='par_1_13' title="bbox 123 1327 1701 1385">
     <span class='ocr_line' id='line_1_27' title="bbox 123 1327 1701 1385; baseline -0.003 -15"><span class='ocrx_word' id='word_1_147' title='bbox 123 1333 171 1371; x_wconf 71' lang='grc' dir='ltr'>Η)</span> <span class='ocrx_word' id='word_1_148' title='bbox 194 1332 205 1369; x_wconf 75' lang='lat' dir='ltr'>t</span> <span class='ocrx_word' id='word_1_149' title='bbox 221 1332 234 1369; x_wconf 76' lang='grc'>1</span> <span class='ocrx_word' id='word_1_150' title='bbox 259 1332 443 1385; x_wconf 68' lang='lat' dir='ltr'>{excepto</span> <span class='ocrx_word' id='word_1_151' title='bbox 466 1331 669 1371; x_wconf 85' lang='lat' dir='ltr'>castrensi</span> <span class='ocrx_word' id='word_1_152' title='bbox 690 1330 854 1382; x_wconf 88' lang='lat' dir='ltr'>peculio</span> <span class='ocrx_word' id='word_1_153' title='bbox 878 1329 985 1369; x_wconf 85' lang='lat' dir='ltr'>bona</span> <span class='ocrx_word' id='word_1_154' title='bbox 1008 1341 1081 1369; x_wconf 90' lang='lat' dir='ltr'>sua</span> <span class='ocrx_word' id='word_1_155' title='bbox 1104 1327 1290 1368; x_wconf 78' lang='lat' dir='ltr'>conferre</span> <span class='ocrx_word' id='word_1_156' title='bbox 1314 1327 1546 1367; x_wconf 87' lang='lat' dir='ltr'>debebunt.</span> <span class='ocrx_word' id='word_1_157' title='bbox 1596 1327 1701 1366; x_wconf 87' lang='lat' dir='ltr'>Cae-</span> 
     </span>
    </p>
   </div>
   <div class='ocr_carea' id='block_1_14' title="bbox 256 1384 1702 1782">
    <p class='ocr_par' dir='ltr' id='par_1_14' title="bbox 256 1384 1702 1782">
     <span class='ocr_line' id='line_1_28' title="bbox 256 1384 1700 1437; baseline -0.003 -9"><span class='ocrx_word' id='word_1_158' title='bbox 256 1401 349 1428; x_wconf 89' lang='lat' dir='ltr'>sare</span> <span class='ocrx_word' id='word_1_159' title='bbox 371 1401 392 1427; x_wconf 92' lang='lat' dir='ltr'>a</span> <span class='ocrx_word' id='word_1_160' title='bbox 416 1387 566 1427; x_wconf 89' lang='lat' dir='ltr'>liberto</span> <span class='ocrx_word' id='word_1_161' title='bbox 587 1401 659 1428; x_wconf 88' lang='lat' dir='ltr'>suo</span> <span class='ocrx_word' id='word_1_162' title='bbox 682 1399 737 1426; x_wconf 78' lang='lat' dir='ltr'>eoe</span> <span class='ocrx_word' id='word_1_163' title='bbox 759 1399 853 1426; x_wconf 77' lang='lat' dir='ltr'>asse</span> <span class='ocrx_word' id='word_1_164' title='bbox 876 1386 1031 1426; x_wconf 88' lang='lat' dir='ltr'>herede</span> <span class='ocrx_word' id='word_1_165' title='bbox 1055 1386 1246 1425; x_wconf 86' lang='lat' dir='ltr'>instituto</span> <span class='ocrx_word' id='word_1_166' title='bbox 1265 1385 1352 1437; x_wconf 76' lang='lat' dir='ltr'>filiu</span> <span class='ocrx_word' id='word_1_167' title='bbox 1375 1385 1465 1424; x_wconf 91' lang='lat' dir='ltr'>iure</span> <span class='ocrx_word' id='word_1_168' title='bbox 1482 1384 1534 1424; x_wconf 89' lang='lat' dir='ltr'>ad</span> <span class='ocrx_word' id='word_1_169' title='bbox 1551 1385 1700 1424; x_wconf 89' lang='lat' dir='ltr'>semis-—</span> 
     </span>
     <span class='ocr_line' id='line_1_29' title="bbox 257 1442 1702 1486; baseline -0.003 -1"><span class='ocrx_word' id='word_1_170' title='bbox 257 1459 340 1486; x_wconf 84' lang='lat' dir='ltr'>sem</span> <span class='ocrx_word' id='word_1_171' title='bbox 363 1452 556 1485; x_wconf 83' lang='lat' dir='ltr'>uocatur:</span> <span class='ocrx_word' id='word_1_172' title='bbox 584 1457 676 1485; x_wconf 86' lang='lat' dir='ltr'>oum</span> <span class='ocrx_word' id='word_1_173' title='bbox 700 1445 913 1484; x_wconf 79' lang='lat' dir='ltr'>extraneis</span> <span class='ocrx_word' id='word_1_174' title='bbox 934 1456 1037 1483; x_wconf 90' lang='lat' dir='ltr'>uero</span> <span class='ocrx_word' id='word_1_175' title='bbox 1059 1443 1249 1482; x_wconf 86' lang='lat' dir='ltr'>instituto</span> <span class='ocrx_word' id='word_1_176' title='bbox 1267 1442 1353 1481; x_wconf 78' lang='lat' dir='ltr'>filia</span> <span class='ocrx_word' id='word_1_177' title='bbox 1370 1455 1422 1481; x_wconf 83' lang='lat' dir='ltr'>ex</span> <span class='ocrx_word' id='word_1_178' title='bbox 1438 1443 1609 1481; x_wconf 85' lang='lat' dir='ltr'>semisse</span> <span class='ocrx_word' id='word_1_179' title='bbox 1626 1454 1702 1481; x_wconf 80' lang='lat' dir='ltr'>ex-</span> 
     </span>
     <span class='ocr_line' id='line_1_30' title="bbox 257 1499 1702 1553; baseline -0.003 -11"><span class='ocrx_word' id='word_1_180' title='bbox 257 1503 427 1553; x_wconf 82' lang='lat' dir='ltr'>traneis,</span> <span class='ocrx_word' id='word_1_181' title='bbox 450 1515 532 1541; x_wconf 91' lang='lat' dir='ltr'>non</span> <span class='ocrx_word' id='word_1_182' title='bbox 551 1503 675 1542; x_wconf 73' lang='lat' dir='ltr'>etiam</span> <span class='ocrx_word' id='word_1_183' title='bbox 688 1501 854 1541; x_wconf 89' lang='lat' dir='ltr'>Caesari</span> <span class='ocrx_word' id='word_1_184' title='bbox 872 1500 1092 1540; x_wconf 77' lang='lat' dir='ltr'>adcrescit.</span> <span class='ocrx_word' id='word_1_185' title='bbox 1119 1499 1231 1552; x_wconf 89' lang='lat' dir='ltr'>quod</span> <span class='ocrx_word' id='word_1_186' title='bbox 1248 1500 1282 1539; x_wconf 88' lang='lat' dir='ltr'>si</span> <span class='ocrx_word' id='word_1_187' title='bbox 1298 1499 1393 1551; x_wconf 92' lang='lat' dir='ltr'>plus</span> <span class='ocrx_word' id='word_1_188' title='bbox 1410 1500 1585 1540; x_wconf 90' lang='lat' dir='ltr'>semisse</span> <span class='ocrx_word' id='word_1_189' title='bbox 1598 1499 1702 1538; x_wconf 88' lang='lat' dir='ltr'>Cae—</span> 
     </span>
     <span class='ocr_line' id='line_1_31' title="bbox 257 1555 1701 1611; baseline -0.003 -11"><span class='ocrx_word' id='word_1_190' title='bbox 257 1573 324 1601; x_wconf 91' lang='lat' dir='ltr'>sar</span> <span class='ocrx_word' id='word_1_191' title='bbox 340 1560 515 1611; x_wconf 84' lang='lat' dir='ltr'>aocepit,</span> <span class='ocrx_word' id='word_1_192' title='bbox 536 1560 580 1599; x_wconf 91' lang='lat' dir='ltr'>in</span> <span class='ocrx_word' id='word_1_193' title='bbox 598 1559 640 1599; x_wconf 94' lang='lat' dir='ltr'>id</span> <span class='ocrx_word' id='word_1_194' title='bbox 658 1558 770 1611; x_wconf 89' lang='lat' dir='ltr'>quod</span> <span class='ocrx_word' id='word_1_195' title='bbox 786 1559 882 1611; x_wconf 90' lang='lat' dir='ltr'>plus</span> <span class='ocrx_word' id='word_1_196' title='bbox 900 1565 961 1598; x_wconf 91' lang='lat' dir='ltr'>est</span> <span class='ocrx_word' id='word_1_197' title='bbox 979 1558 1104 1597; x_wconf 86' lang='lat' dir='ltr'>etiam</span> <span class='ocrx_word' id='word_1_198' title='bbox 1116 1558 1280 1597; x_wconf 89' lang='lat' dir='ltr'>Caesari</span> <span class='ocrx_word' id='word_1_199' title='bbox 1299 1555 1518 1596; x_wconf 83' lang='lat' dir='ltr'>adcrescit.</span> <span class='ocrx_word' id='word_1_200' title='bbox 1554 1556 1701 1595; x_wconf 88' lang='lat' dir='ltr'>Liber-</span> 
     </span>
     <span class='ocr_line' id='line_1_32' title="bbox 258 1614 1701 1667; baseline -0.003 -10"><span class='ocrx_word' id='word_1_201' title='bbox 258 1625 322 1658; x_wconf 89' lang='lat' dir='ltr'>tae</span> <span class='ocrx_word' id='word_1_202' title='bbox 347 1617 536 1657; x_wconf 86' lang='lat' dir='ltr'>Caesaris</span> <span class='ocrx_word' id='word_1_203' title='bbox 565 1623 650 1656; x_wconf 87' lang='lat' dir='ltr'>tam</span> <span class='ocrx_word' id='word_1_204' title='bbox 676 1616 1003 1656; x_wconf 88' lang='lat' dir='ltr'>manumissione</span> <span class='ocrx_word' id='word_1_205' title='bbox 1026 1628 1150 1667; x_wconf 90' lang='lat' dir='ltr'>quam</span> <span class='ocrx_word' id='word_1_206' title='bbox 1173 1614 1377 1653; x_wconf 82' lang='lat' dir='ltr'>beneficio</span> <span class='ocrx_word' id='word_1_207' title='bbox 1399 1614 1701 1654; x_wconf 88' lang='lat' dir='ltr'>coniunctionis</span> 
     </span>
     <span class='ocr_line' id='line_1_33' title="bbox 258 1671 1699 1723; baseline -0.003 -9"><span class='ocrx_word' id='word_1_208' title='bbox 258 1676 429 1714; x_wconf 82' lang='lat' dir='ltr'>effectae</span> <span class='ocrx_word' id='word_1_209' title='bbox 451 1675 486 1713; x_wconf 89' lang='lat' dir='ltr'>si</span> <span class='ocrx_word' id='word_1_210' title='bbox 509 1680 685 1714; x_wconf 85' lang='lat' dir='ltr'>testatae</span> <span class='ocrx_word' id='word_1_211' title='bbox 707 1672 932 1723; x_wconf 78' lang='lat' dir='ltr'>decedant,</span> <span class='ocrx_word' id='word_1_212' title='bbox 968 1672 1217 1722; x_wconf 83' lang='lat' dir='ltr'>dimidium,</span> <span class='ocrx_word' id='word_1_213' title='bbox 1247 1671 1280 1710; x_wconf 92' lang='lat' dir='ltr'>si</span> <span class='ocrx_word' id='word_1_214' title='bbox 1304 1672 1545 1721; x_wconf 88' lang='lat' dir='ltr'>intestatae,</span> <span class='ocrx_word' id='word_1_215' title='bbox 1573 1676 1699 1710; x_wconf 82' lang='lat' dir='ltr'>totum</span> 
     </span>
     <span class='ocr_line' id='line_1_34' title="bbox 259 1729 1699 1782; baseline -0.003 -11"><span class='ocrx_word' id='word_1_216' title='bbox 259 1733 354 1771; x_wconf 84' lang='lat' dir='ltr'>fisco</span> <span class='ocrx_word' id='word_1_217' title='bbox 383 1731 639 1771; x_wconf 89' lang='lat' dir='ltr'>uindicatur.</span> <span class='ocrx_word' id='word_1_218' title='bbox 703 1743 803 1770; x_wconf 90' lang='lat' dir='ltr'>sane</span> <span class='ocrx_word' id='word_1_219' title='bbox 835 1731 967 1782; x_wconf 91' lang='lat' dir='ltr'>patris</span> <span class='ocrx_word' id='word_1_220' title='bbox 998 1737 1037 1769; x_wconf 87' lang='lat' dir='ltr'>et</span> <span class='ocrx_word' id='word_1_221' title='bbox 1066 1729 1230 1781; x_wconf 87' lang='lat' dir='ltr'>patroni</span> <span class='ocrx_word' id='word_1_222' title='bbox 1264 1729 1491 1780; x_wconf 76' lang='lat' dir='ltr'>ignorantis</span> <span class='ocrx_word' id='word_1_223' title='bbox 1522 1729 1587 1768; x_wconf 91' lang='lat' dir='ltr'>ius</span> <span class='ocrx_word' id='word_1_224' title='bbox 1616 1740 1699 1767; x_wconf 92' lang='lat' dir='ltr'>non</span> 
     </span>
    </p>
   </div>
   <div class='ocr_carea' id='block_1_15' title="bbox 259 1784 1700 1916">
    <p class='ocr_par' dir='ltr' id='par_1_15' title="bbox 259 1784 1700 1916">
     <span class='ocr_line' id='line_1_35' title="bbox 259 1784 1696 1838; baseline -0.003 -10"><span class='ocrx_word' id='word_1_225' title='bbox 259 1789 476 1829; x_wconf 90' lang='lat' dir='ltr'>minuitur.</span> <span class='ocrx_word' id='word_1_226' title='bbox 529 1787 691 1827; x_wconf 87' lang='lat' dir='ltr'>Ancilla</span> <span class='ocrx_word' id='word_1_227' title='bbox 723 1787 912 1827; x_wconf 89' lang='lat' dir='ltr'>Caesaris</span> <span class='ocrx_word' id='word_1_228' title='bbox 945 1799 1052 1838; x_wconf 90' lang='lat' dir='ltr'>quae</span> <span class='ocrx_word' id='word_1_229' title='bbox 1084 1787 1272 1838; x_wconf 88' lang='lat' dir='ltr'>quinque</span> <span class='ocrx_word' id='word_1_230' title='bbox 1303 1784 1459 1825; x_wconf 87' lang='lat' dir='ltr'>liberos</span> <span class='ocrx_word' id='word_1_231' title='bbox 1487 1785 1696 1833; x_wconf 81' lang='lat' dir='ltr'>habuerit,</span> 
     </span>
     <span class='ocr_line' id='line_1_36' title="bbox 637 1845 1700 1916; baseline -0.006 -39"><span class='ocrx_word' id='word_1_232' title='bbox 637 1845 710 1885; x_wconf 81' lang='lat' dir='ltr'>sere</span> <span class='ocrx_word' id='word_1_233' title='bbox 725 1848 748 1877; x_wconf 78' lang='lat'><em>3</em></span> <span class='ocrx_word' id='word_1_234' title='bbox 764 1845 928 1876; x_wconf 81' lang='lat' dir='ltr'>uersiculi</span> <span class='ocrx_word' id='word_1_235' title='bbox 942 1846 1120 1883; x_wconf 77' lang='lat' dir='ltr'>perierunt</span> <span class='ocrx_word' id='word_1_236' title='bbox 1362 1864 1365 1872; x_wconf 88' lang='lat'>.</span> <span class='ocrx_word' id='word_1_237' title='bbox 1695 1864 1700 1916; x_wconf 64' lang='grc'>1</span> 
     </span>
    </p>
   </div>
   <div class='ocr_carea' id='block_1_16' title="bbox 1153 1889 1357 1893">
    <p class='ocr_par' dir='ltr' id='par_1_16' title="bbox 1153 1889 1357 1893">
     <span class='ocr_line' id='line_1_37' title="bbox 1153 1889 1357 1893; baseline 0 0"><span class='ocrx_word' id='word_1_238' title='bbox 1153 1889 1357 1893; x_wconf 95' lang='lat' dir='ltr'> </span> 
     </span>
    </p>
   </div>
   <div class='ocr_carea' id='block_1_17' title="bbox 418 1892 1028 1897">
    <p class='ocr_par' dir='ltr' id='par_1_17' title="bbox 418 1892 1028 1897">
     <span class='ocr_line' id='line_1_38' title="bbox 418 1892 1028 1897; baseline 0 0"><span class='ocrx_word' id='word_1_239' title='bbox 418 1892 1028 1897; x_wconf 95' lang='lat' dir='ltr'> </span> 
     </span>
    </p>
   </div>
   <div class='ocr_carea' id='block_1_18' title="bbox 1484 1888 1689 1893">
    <p class='ocr_par' dir='ltr' id='par_1_18' title="bbox 1484 1888 1689 1893">
     <span class='ocr_line' id='line_1_39' title="bbox 1484 1888 1689 1893; baseline 0 0"><span class='ocrx_word' id='word_1_240' title='bbox 1484 1888 1689 1893; x_wconf 95' lang='lat' dir='ltr'> </span> 
     </span>
    </p>
   </div>
   <div class='ocr_carea' id='block_1_19' title="bbox 836 1948 1041 1952">
    <p class='ocr_par' dir='ltr' id='par_1_19' title="bbox 836 1948 1041 1952">
     <span class='ocr_line' id='line_1_40' title="bbox 836 1948 1041 1952; baseline 0 0"><span class='ocrx_word' id='word_1_241' title='bbox 836 1948 1041 1952; x_wconf 95' lang='lat' dir='ltr'> </span> 
     </span>
    </p>
   </div>
   <div class='ocr_carea' id='block_1_20' title="bbox 258 1866 1705 2296">
    <p class='ocr_par' dir='ltr' id='par_1_20' title="bbox 258 1866 1705 2296">
     <span class='ocr_line' id='line_1_41' title="bbox 258 1866 1473 1924; baseline -0.004 -16"><span class='ocrx_word' id='word_1_242' title='bbox 258 1869 299 1908; x_wconf 92' lang='lat' dir='ltr'>in</span> <span class='ocrx_word' id='word_1_243' title='bbox 326 1866 396 1924; x_wconf 78' lang='lat' dir='ltr'>nuss</span> <span class='ocrx_word' id='word_1_244' title='bbox 1363 1896 1365 1919; x_wconf 30' lang='grc' dir='ltr'>ἶ</span> <span class='ocrx_word' id='word_1_245' title='bbox 1391 1878 1473 1903; x_wconf 51' lang='lat' dir='ltr'>mn</span> 
     </span>
     <span class='ocr_line' id='line_1_42' title="bbox 261 1920 1701 1975; baseline -0.003 -10"><span class='ocrx_word' id='word_1_246' title='bbox 261 1924 647 1974; x_wconf 65' lang='lat' dir='ltr'>Czies———l</span> <span class='ocrx_word' id='word_1_247' title='bbox 675 1937 814 1964; x_wconf 64' lang='lat' dir='ltr'>*orem</span> <span class='ocrx_word' id='word_1_248' title='bbox 1046 1923 1049 1972; x_wconf 51' lang='grc' dir='ltr'>ζ</span> <span class='ocrx_word' id='word_1_249' title='bbox 1076 1939 1127 1959; x_wconf 54' lang='lat' dir='ltr'>en*</span> <span class='ocrx_word' id='word_1_250' title='bbox 1152 1922 1321 1965; x_wconf 72' lang='lat' dir='ltr'>milibus,</span> <span class='ocrx_word' id='word_1_251' title='bbox 1351 1920 1701 1975; x_wconf 63' lang='lat' dir='ltr'>s———l—</span> 
     </span>
     <span class='ocr_line' id='line_1_43' title="bbox 353 2057 1703 2108; baseline -0.003 -16"><span class='ocrx_word' id='word_1_252' title='bbox 353 2064 364 2092; x_wconf 72' lang='lat'>⁴</span> <span class='ocrx_word' id='word_1_253' title='bbox 396 2062 429 2101; x_wconf 64' lang='lat' dir='ltr'>E]</span> <span class='ocrx_word' id='word_1_254' title='bbox 451 2075 491 2089; x_wconf 89' lang='lat'>=</span> <span class='ocrx_word' id='word_1_255' title='bbox 511 2070 618 2093; x_wconf 86' lang='lat' dir='ltr'>causa</span> <span class='ocrx_word' id='word_1_256' title='bbox 636 2061 653 2092; x_wconf 82' lang='lat'>‘?</span> <span class='ocrx_word' id='word_1_257' title='bbox 704 2061 718 2100; x_wconf 95' lang='grc'>11</span> <span class='ocrx_word' id='word_1_258' title='bbox 769 2061 862 2102; x_wconf 48' lang='lat' dir='ltr'>mio]</span> <span class='ocrx_word' id='word_1_259' title='bbox 882 2061 984 2092; x_wconf 45' lang='lat' dir='ltr'>*flor</span> <span class='ocrx_word' id='word_1_260' title='bbox 1004 2059 1045 2092; x_wconf 81' lang='lat' dir='ltr'>Ca</span> <span class='ocrx_word' id='word_1_261' title='bbox 1067 2060 1111 2100; x_wconf 78' lang='lat' dir='ltr'>(in</span> <span class='ocrx_word' id='word_1_262' title='bbox 1135 2059 1266 2092; x_wconf 81' lang='lat' dir='ltr'>Codicis</span> <span class='ocrx_word' id='word_1_263' title='bbox 1283 2060 1450 2099; x_wconf 69' lang='lat' dir='ltr'>imaqine,</span> <span class='ocrx_word' id='word_1_264' title='bbox 1476 2057 1566 2108; x_wconf 50' lang='lat' dir='ltr'>quoq</span> <span class='ocrx_word' id='word_1_265' title='bbox 1580 2058 1703 2096; x_wconf 81' lang='lat' dir='ltr'>impri—</span> 
     </span>
     <span class='ocr_line' id='line_1_44' title="bbox 261 2113 1700 2157; baseline -0.005 -6"><span class='ocrx_word' id='word_1_266' title='bbox 261 2120 420 2151; x_wconf 78' lang='lat' dir='ltr'>mendum</span> <span class='ocrx_word' id='word_1_267' title='bbox 437 2120 559 2150; x_wconf 84' lang='lat' dir='ltr'>curaui</span> <span class='ocrx_word' id='word_1_268' title='bbox 572 2143 578 2156; x_wconf 92' lang='lat'><em>,</em></span> <span class='ocrx_word' id='word_1_269' title='bbox 608 2126 691 2149; x_wconf 85' lang='lat' dir='ltr'>casu</span> <span class='ocrx_word' id='word_1_270' title='bbox 707 2119 833 2149; x_wconf 74' lang='lat' dir='ltr'>excidit</span> <span class='ocrx_word' id='word_1_271' title='bbox 847 2121 1013 2157; x_wconf 81' lang='lat' dir='ltr'>punctum</span> <span class='ocrx_word' id='word_1_272' title='bbox 1030 2118 1231 2149; x_wconf 84' lang='lat' dir='ltr'>deletorium</span> <span class='ocrx_word' id='word_1_273' title='bbox 1247 2124 1355 2155; x_wconf 82' lang='lat' dir='ltr'>supra</span> <span class='ocrx_word' id='word_1_274' title='bbox 1372 2116 1398 2154; x_wconf 79' lang='lat' dir='ltr'>r)</span> <span class='ocrx_word' id='word_1_275' title='bbox 1466 2115 1479 2155; x_wconf 94' lang='grc'>11</span> <span class='ocrx_word' id='word_1_276' title='bbox 1542 2113 1637 2154; x_wconf 70' lang='lat' dir='ltr'>ht**]</span> <span class='ocrx_word' id='word_1_277' title='bbox 1659 2126 1700 2140; x_wconf 92' lang='lat'><strong><em>=</em></strong></span> 
     </span>
     <span class='ocr_line' id='line_1_45' title="bbox 263 2159 1704 2204; baseline -0.004 -8"><span class='ocrx_word' id='word_1_278' title='bbox 263 2165 442 2197; x_wconf 83' lang='lat' dir='ltr'>hereditas</span> <span class='ocrx_word' id='word_1_279' title='bbox 459 2165 476 2195; x_wconf 68' lang='lat'>⁴?</span> <span class='ocrx_word' id='word_1_280' title='bbox 508 2164 522 2204; x_wconf 91' lang='grc'>11</span> <span class='ocrx_word' id='word_1_281' title='bbox 558 2172 665 2203; x_wconf 82' lang='lat' dir='ltr'>supra</span> <span class='ocrx_word' id='word_1_282' title='bbox 683 2172 702 2194; x_wconf 85' lang='lat' dir='ltr'>c</span> <span class='ocrx_word' id='word_1_283' title='bbox 718 2165 754 2195; x_wconf 82' lang='lat' dir='ltr'>in</span> <span class='ocrx_word' id='word_1_284' title='bbox 773 2164 929 2195; x_wconf 84' lang='lat' dir='ltr'>caesaris</span> <span class='ocrx_word' id='word_1_285' title='bbox 946 2164 1115 2194; x_wconf 76' lang='lat' dir='ltr'>incertum</span> <span class='ocrx_word' id='word_1_286' title='bbox 1133 2163 1262 2202; x_wconf 78' lang='lat' dir='ltr'>aliquid</span> <span class='ocrx_word' id='word_1_287' title='bbox 1278 2163 1445 2201; x_wconf 80' lang='lat' dir='ltr'>scriptum</span> <span class='ocrx_word' id='word_1_288' title='bbox 1462 2164 1528 2192; x_wconf 83' lang='lat' dir='ltr'>est:</span> <span class='ocrx_word' id='word_1_289' title='bbox 1548 2159 1704 2191; x_wconf 80' lang='lat' dir='ltr'>Huschke</span> 
     </span>
     <span class='ocr_line' id='line_1_46' title="bbox 262 2202 1705 2249; baseline -0.003 -7"><span class='ocrx_word' id='word_1_290' title='bbox 262 2214 340 2242; x_wconf 72' lang='lat' dir='ltr'>ante</span> <span class='ocrx_word' id='word_1_291' title='bbox 358 2211 512 2242; x_wconf 85' lang='lat' dir='ltr'>caesaris</span> <span class='ocrx_word' id='word_1_292' title='bbox 529 2210 662 2249; x_wconf 80' lang='lat' dir='ltr'>supplet</span> <span class='ocrx_word' id='word_1_293' title='bbox 679 2210 774 2240; x_wconf 88' lang='lat' dir='ltr'>serui</span> <span class='ocrx_word' id='word_1_294' title='bbox 790 2218 985 2248; x_wconf 80' lang='lat' dir='ltr'>prouocans</span> <span class='ocrx_word' id='word_1_295' title='bbox 1003 2210 1047 2240; x_wconf 85' lang='lat' dir='ltr'>ad</span> <span class='ocrx_word' id='word_1_296' title='bbox 1069 2209 1139 2248; x_wconf 72' lang='grc' dir='ltr'>ΠΡ.</span> <span class='ocrx_word' id='word_1_297' title='bbox 1161 2210 1215 2245; x_wconf 77' lang='grc'>20,</span> <span class='ocrx_word' id='word_1_298' title='bbox 1238 2209 1277 2238; x_wconf 74' lang='lat'>46</span> <span class='ocrx_word' id='word_1_299' title='bbox 1330 2206 1343 2246; x_wconf 90' lang='grc'>11</span> <span class='ocrx_word' id='word_1_300' title='bbox 1397 2209 1412 2237; x_wconf 86' lang='grc'>3</span> <span class='ocrx_word' id='word_1_301' title='bbox 1440 2206 1590 2247; x_wconf 88' lang='lat' dir='ltr'>sipulari</span> <span class='ocrx_word' id='word_1_302' title='bbox 1611 2205 1654 2238; x_wconf 82' lang='lat' dir='ltr'>Ca</span> <span class='ocrx_word' id='word_1_303' title='bbox 1692 2202 1705 2247; x_wconf 86' lang='grc'>11</span> 
     </span>
     <span class='ocr_line' id='line_1_47' title="bbox 264 2252 1704 2296; baseline -0.003 -9"><span class='ocrx_word' id='word_1_304' title='bbox 264 2259 280 2287; x_wconf 92' lang='grc'><strong>6</strong></span> <span class='ocrx_word' id='word_1_305' title='bbox 309 2256 425 2288; x_wconf 83' lang='lat' dir='ltr'>credit</span> <span class='ocrx_word' id='word_1_306' title='bbox 445 2256 486 2288; x_wconf 81' lang='lat' dir='ltr'>Ca</span> <span class='ocrx_word' id='word_1_307' title='bbox 536 2255 550 2295; x_wconf 93' lang='grc'>11</span> <span class='ocrx_word' id='word_1_308' title='bbox 603 2257 620 2286; x_wconf 92' lang='grc'>8</span> <span class='ocrx_word' id='word_1_309' title='bbox 647 2255 916 2294; x_wconf 76' lang='lat' dir='ltr'>supplementum</span> <span class='ocrx_word' id='word_1_310' title='bbox 941 2254 1039 2296; x_wconf 89' lang='lat' dir='ltr'>dupli</span> <span class='ocrx_word' id='word_1_311' title='bbox 1067 2254 1283 2286; x_wconf 83' lang='lat' dir='ltr'>oonuenitur</span> <span class='ocrx_word' id='word_1_312' title='bbox 1307 2254 1351 2284; x_wconf 82' lang='lat' dir='ltr'>ad</span> <span class='ocrx_word' id='word_1_313' title='bbox 1375 2253 1538 2284; x_wconf 74' lang='lat' dir='ltr'>ambitum</span> <span class='ocrx_word' id='word_1_314' title='bbox 1559 2252 1704 2283; x_wconf 81' lang='lat' dir='ltr'>lacunae</span> 
     </span>
    </p>
   </div>
   <div class='ocr_carea' id='block_1_21' title="bbox 263 2297 1707 2661">
    <p class='ocr_par' dir='ltr' id='par_1_21' title="bbox 263 2297 1707 2661">
     <span class='ocr_line' id='line_1_48' title="bbox 263 2297 1704 2342; baseline -0.004 -9"><span class='ocrx_word' id='word_1_315' title='bbox 263 2311 329 2333; x_wconf 85' lang='lat' dir='ltr'>non</span> <span class='ocrx_word' id='word_1_316' title='bbox 346 2302 494 2342; x_wconf 72' lang='lat' dir='ltr'>quadrat</span> <span class='ocrx_word' id='word_1_317' title='bbox 541 2301 554 2340; x_wconf 90' lang='grc'>11</span> <span class='ocrx_word' id='word_1_318' title='bbox 607 2299 622 2341; x_wconf 81' lang='lat'><strong>§</strong></span> <span class='ocrx_word' id='word_1_319' title='bbox 642 2302 659 2331; x_wconf 93' lang='lat'>8</span> <span class='ocrx_word' id='word_1_320' title='bbox 685 2302 720 2332; x_wconf 86' lang='lat' dir='ltr'>in</span> <span class='ocrx_word' id='word_1_321' title='bbox 742 2300 766 2332; x_wconf 91' lang='lat' dir='ltr'>C</span> <span class='ocrx_word' id='word_1_322' title='bbox 786 2301 963 2339; x_wconf 80' lang='lat' dir='ltr'>praecedit</span> <span class='ocrx_word' id='word_1_323' title='bbox 983 2309 1105 2331; x_wconf 85' lang='lat' dir='ltr'>uersus</span> <span class='ocrx_word' id='word_1_324' title='bbox 1123 2309 1143 2331; x_wconf 89' lang='grc' dir='ltr'><em>α</em></span> <span class='ocrx_word' id='word_1_325' title='bbox 1160 2301 1334 2339; x_wconf 74' lang='lat' dir='ltr'>scriptura</span> <span class='ocrx_word' id='word_1_326' title='bbox 1351 2299 1448 2330; x_wconf 80' lang='lat' dir='ltr'>hodie</span> <span class='ocrx_word' id='word_1_327' title='bbox 1463 2305 1609 2335; x_wconf 86' lang='lat' dir='ltr'>uacuus,</span> <span class='ocrx_word' id='word_1_328' title='bbox 1635 2297 1704 2327; x_wconf 79' lang='lat' dir='ltr'>uisi</span> 
     </span>
     <span class='ocr_line' id='line_1_49' title="bbox 263 2342 1705 2387; baseline -0.005 -8"><span class='ocrx_word' id='word_1_329' title='bbox 263 2349 350 2387; x_wconf 83' lang='lat' dir='ltr'>quod</span> <span class='ocrx_word' id='word_1_330' title='bbox 370 2349 407 2379; x_wconf 79' lang='lat' dir='ltr'>in</span> <span class='ocrx_word' id='word_1_331' title='bbox 430 2348 542 2387; x_wconf 83' lang='lat' dir='ltr'>fronte</span> <span class='ocrx_word' id='word_1_332' title='bbox 561 2354 744 2377; x_wconf 72' lang='lat' dir='ltr'>numerum</span> <span class='ocrx_word' id='word_1_333' title='bbox 761 2346 873 2377; x_wconf 74' lang='lat' dir='ltr'>XXVI</span> <span class='ocrx_word' id='word_1_334' title='bbox 895 2347 1050 2378; x_wconf 73' lang='lat' dir='ltr'>exhibet:</span> <span class='ocrx_word' id='word_1_335' title='bbox 1075 2354 1173 2385; x_wconf 78' lang='lat' dir='ltr'>quem</span> <span class='ocrx_word' id='word_1_336' title='bbox 1189 2346 1347 2376; x_wconf 77' lang='lat' dir='ltr'>rubricae</span> <span class='ocrx_word' id='word_1_337' title='bbox 1365 2344 1468 2375; x_wconf 78' lang='lat' dir='ltr'>alicui</span> <span class='ocrx_word' id='word_1_338' title='bbox 1485 2342 1705 2382; x_wconf 73' lang='lat' dir='ltr'>excipiendae</span> 
     </span>
     <span class='ocr_line' id='line_1_50' title="bbox 264 2387 1704 2432; baseline -0.005 -7"><span class='ocrx_word' id='word_1_339' title='bbox 264 2395 470 2425; x_wconf 75' lang='lat' dir='ltr'>destinatum</span> <span class='ocrx_word' id='word_1_340' title='bbox 486 2392 592 2432; x_wconf 81' lang='lat' dir='ltr'>fuisse</span> <span class='ocrx_word' id='word_1_341' title='bbox 608 2392 793 2423; x_wconf 77' lang='lat' dir='ltr'>uerisimile</span> <span class='ocrx_word' id='word_1_342' title='bbox 811 2394 859 2423; x_wconf 80' lang='lat' dir='ltr'>est</span> <span class='ocrx_word' id='word_1_343' title='bbox 898 2391 912 2431; x_wconf 95' lang='grc'>11</span> <span class='ocrx_word' id='word_1_344' title='bbox 955 2394 992 2422; x_wconf 55' lang='grc'>’10</span> <span class='ocrx_word' id='word_1_345' title='bbox 1021 2391 1114 2432; x_wconf 88' lang='lat' dir='ltr'>quod</span> <span class='ocrx_word' id='word_1_346' title='bbox 1136 2399 1199 2422; x_wconf 85' lang='lat' dir='ltr'>om.</span> <span class='ocrx_word' id='word_1_347' title='bbox 1226 2390 1251 2422; x_wconf 89' lang='lat' dir='ltr'>C</span> <span class='ocrx_word' id='word_1_348' title='bbox 1289 2389 1302 2429; x_wconf 86' lang='grc'>11</span> <span class='ocrx_word' id='word_1_349' title='bbox 1346 2391 1383 2420; x_wconf 71' lang='lat'>⁴4</span> <span class='ocrx_word' id='word_1_350' title='bbox 1412 2387 1427 2430; x_wconf 62' lang='grc' dir='ltr'><em>ξ</em></span> <span class='ocrx_word' id='word_1_351' title='bbox 1447 2391 1464 2419; x_wconf 87' lang='grc'><strong>9</strong></span> <span class='ocrx_word' id='word_1_352' title='bbox 1482 2390 1517 2420; x_wconf 87' lang='lat' dir='ltr'>in</span> <span class='ocrx_word' id='word_1_353' title='bbox 1540 2387 1564 2420; x_wconf 91' lang='lat' dir='ltr'>C</span> <span class='ocrx_word' id='word_1_354' title='bbox 1580 2396 1704 2419; x_wconf 85' lang='lat' dir='ltr'>uersus</span> 
     </span>
     <span class='ocr_line' id='line_1_51' title="bbox 263 2433 1700 2478; baseline -0.004 -8"><span class='ocrx_word' id='word_1_355' title='bbox 263 2441 436 2478; x_wconf 74' lang='lat' dir='ltr'>scriptura</span> <span class='ocrx_word' id='word_1_356' title='bbox 459 2447 592 2470; x_wconf 85' lang='lat' dir='ltr'>uacuus</span> <span class='ocrx_word' id='word_1_357' title='bbox 612 2438 859 2477; x_wconf 77' lang='lat' dir='ltr'>praemittitur,</span> <span class='ocrx_word' id='word_1_358' title='bbox 888 2438 920 2468; x_wconf 77' lang='lat' dir='ltr'>in</span> <span class='ocrx_word' id='word_1_359' title='bbox 949 2438 1045 2468; x_wconf 78' lang='lat' dir='ltr'>cuius</span> <span class='ocrx_word' id='word_1_360' title='bbox 1068 2437 1181 2477; x_wconf 77' lang='lat' dir='ltr'>fronte</span> <span class='ocrx_word' id='word_1_361' title='bbox 1199 2436 1324 2476; x_wconf 64' lang='lat' dir='ltr'>legitur</span> <span class='ocrx_word' id='word_1_362' title='bbox 1339 2443 1503 2466; x_wconf 76' lang='lat' dir='ltr'>numerus</span> <span class='ocrx_word' id='word_1_363' title='bbox 1522 2433 1700 2474; x_wconf 59' lang='lat' dir='ltr'>[XXVJIL</span> 
     </span>
     <span class='ocr_line' id='line_1_52' title="bbox 263 2478 1705 2524; baseline -0.005 -8"><span class='ocrx_word' id='word_1_364' title='bbox 263 2485 306 2524; x_wconf 68' lang='lat' dir='ltr'>cs.</span> <span class='ocrx_word' id='word_1_365' title='bbox 328 2486 420 2524; x_wconf 81' lang='lat' dir='ltr'>adp.</span> <span class='ocrx_word' id='word_1_366' title='bbox 446 2485 520 2521; x_wconf 70' lang='lat'><strong>¹63,</strong></span> <span class='ocrx_word' id='word_1_367' title='bbox 541 2485 581 2514; x_wconf 81' lang='lat'>27</span> <span class='ocrx_word' id='word_1_368' title='bbox 635 2483 648 2523; x_wconf 96' lang='grc'>11</span> <span class='ocrx_word' id='word_1_369' title='bbox 702 2486 736 2513; x_wconf 70' lang='grc'>21</span> <span class='ocrx_word' id='word_1_370' title='bbox 767 2482 928 2522; x_wconf 74' lang='lat' dir='ltr'>uocatur]</span> <span class='ocrx_word' id='word_1_371' title='bbox 950 2484 1050 2514; x_wconf 47' lang='lat' dir='ltr'>⁴·cat</span> <span class='ocrx_word' id='word_1_372' title='bbox 1075 2482 1098 2515; x_wconf 90' lang='lat' dir='ltr'>C</span> <span class='ocrx_word' id='word_1_373' title='bbox 1149 2483 1162 2522; x_wconf 92' lang='grc'>11</span> <span class='ocrx_word' id='word_1_374' title='bbox 1214 2482 1373 2513; x_wconf 75' lang='lat' dir='ltr'>extranei</span> <span class='ocrx_word' id='word_1_375' title='bbox 1396 2479 1420 2512; x_wconf 91' lang='lat' dir='ltr'>C</span> <span class='ocrx_word' id='word_1_376' title='bbox 1470 2480 1483 2519; x_wconf 94' lang='grc'>11</span> <span class='ocrx_word' id='word_1_377' title='bbox 1534 2478 1642 2510; x_wconf 84' lang='lat' dir='ltr'>filiam</span> <span class='ocrx_word' id='word_1_378' title='bbox 1662 2488 1705 2510; x_wconf 81' lang='lat' dir='ltr'>ex</span> 
     </span>
     <span class='ocr_line' id='line_1_53' title="bbox 263 2524 1704 2568; baseline -0.004 -7"><span class='ocrx_word' id='word_1_379' title='bbox 263 2531 449 2563; x_wconf 74' lang='lat' dir='ltr'>semissem</span> <span class='ocrx_word' id='word_1_380' title='bbox 476 2530 632 2562; x_wconf 85' lang='lat' dir='ltr'>extranei</span> <span class='ocrx_word' id='word_1_381' title='bbox 661 2528 685 2561; x_wconf 91' lang='lat' dir='ltr'>C</span> <span class='ocrx_word' id='word_1_382' title='bbox 724 2528 737 2568; x_wconf 92' lang='grc'>11</span> <span class='ocrx_word' id='word_1_383' title='bbox 778 2531 818 2559; x_wconf 75' lang='lat'>22</span> <span class='ocrx_word' id='word_1_384' title='bbox 845 2528 963 2567; x_wconf 74' lang='lat' dir='ltr'>etiam]</span> <span class='ocrx_word' id='word_1_385' title='bbox 987 2530 1018 2559; x_wconf 86' lang='lat' dir='ltr'>et</span> <span class='ocrx_word' id='word_1_386' title='bbox 1041 2528 1065 2559; x_wconf 89' lang='lat' dir='ltr'>C</span> <span class='ocrx_word' id='word_1_387' title='bbox 1104 2528 1118 2568; x_wconf 94' lang='grc'>11</span> <span class='ocrx_word' id='word_1_388' title='bbox 1167 2529 1207 2559; x_wconf 67' lang='lat'>24</span> <span class='ocrx_word' id='word_1_389' title='bbox 1236 2530 1307 2559; x_wconf 81' lang='lat' dir='ltr'>tam</span> <span class='ocrx_word' id='word_1_390' title='bbox 1326 2525 1620 2558; x_wconf 86' lang='lat' dir='ltr'>manumissionis</span> <span class='ocrx_word' id='word_1_391' title='bbox 1637 2524 1704 2555; x_wconf 86' lang='lat' dir='ltr'>be—</span> 
     </span>
     <span class='ocr_line' id='line_1_54' title="bbox 266 2567 1707 2617; baseline -0.005 -10"><span class='ocrx_word' id='word_1_392' title='bbox 266 2576 393 2607; x_wconf 80' lang='lat' dir='ltr'>neficio</span> <span class='ocrx_word' id='word_1_393' title='bbox 410 2584 518 2617; x_wconf 83' lang='lat' dir='ltr'>quam</span> <span class='ocrx_word' id='word_1_394' title='bbox 537 2574 791 2607; x_wconf 84' lang='lat' dir='ltr'>coniunctione</span> <span class='ocrx_word' id='word_1_395' title='bbox 809 2583 876 2606; x_wconf 82' lang='lat' dir='ltr'>scr.</span> <span class='ocrx_word' id='word_1_396' title='bbox 890 2585 897 2604; x_wconf 93' lang='grc'>.·</span> <span class='ocrx_word' id='word_1_397' title='bbox 917 2575 956 2605; x_wconf 81' lang='lat' dir='ltr'>de</span> <span class='ocrx_word' id='word_1_398' title='bbox 975 2575 1208 2605; x_wconf 73' lang='lat' dir='ltr'>coniunctione</span> <span class='ocrx_word' id='word_1_399' title='bbox 1225 2573 1266 2613; x_wconf 83' lang='lat' dir='ltr'>cs.</span> <span class='ocrx_word' id='word_1_400' title='bbox 1289 2572 1367 2605; x_wconf 88' lang='lat' dir='ltr'>Cod.</span> <span class='ocrx_word' id='word_1_401' title='bbox 1391 2571 1509 2603; x_wconf 82' lang='lat' dir='ltr'>Theod.</span> <span class='ocrx_word' id='word_1_402' title='bbox 1529 2572 1560 2609; x_wconf 70' lang='lat'>4,</span> <span class='ocrx_word' id='word_1_403' title='bbox 1579 2572 1632 2610; x_wconf 77' lang='grc'>41,</span> <span class='ocrx_word' id='word_1_404' title='bbox 1651 2573 1666 2601; x_wconf 85' lang='grc'><strong>3</strong></span> <span class='ocrx_word' id='word_1_405' title='bbox 1693 2567 1707 2612; x_wconf 89' lang='grc'>11</span> 
     </span>
     <span class='ocr_line' id='line_1_55' title="bbox 265 2619 822 2661; baseline -0.004 -9"><span class='ocrx_word' id='word_1_406' title='bbox 265 2623 306 2652; x_wconf 78' lang='lat'>29</span> <span class='ocrx_word' id='word_1_407' title='bbox 334 2634 374 2651; x_wconf 57' lang='lat' dir='ltr'>n</span> <span class='ocrx_word' id='word_1_408' title='bbox 393 2620 550 2661; x_wconf 72' lang='lat' dir='ltr'>milibus]</span> <span class='ocrx_word' id='word_1_409' title='bbox 571 2631 613 2652; x_wconf 55' lang='lat' dir='ltr'>*x</span> <span class='ocrx_word' id='word_1_410' title='bbox 633 2620 747 2651; x_wconf 87' lang='lat' dir='ltr'>milib.</span> <span class='ocrx_word' id='word_1_411' title='bbox 772 2619 822 2651; x_wconf 87' lang='lat' dir='ltr'>C?</span> 
     </span>
    </p>
   </div>
   <div class='ocr_carea' id='block_1_22' title="bbox 1724 752 1764 780">
    <p class='ocr_par' dir='ltr' id='par_1_22' title="bbox 1724 752 1764 780">
     <span class='ocr_line' id='line_1_56' title="bbox 1724 752 1764 780; baseline 0.025 -1"><span class='ocrx_word' id='word_1_412' title='bbox 1724 752 1764 780; x_wconf 75' lang='lat'>⁴0</span> 
     </span>
    </p>
   </div>
   <div class='ocr_carea' id='block_1_23' title="bbox 1726 1039 1766 1067">
    <p class='ocr_par' dir='ltr' id='par_1_23' title="bbox 1726 1039 1766 1067">
     <span class='ocr_line' id='line_1_57' title="bbox 1726 1039 1766 1067; baseline -0.025 0"><span class='ocrx_word' id='word_1_413' title='bbox 1726 1039 1766 1067; x_wconf 60' lang='grc' dir='ltr'>Υ15</span> 
     </span>
    </p>
   </div>
   <div class='ocr_carea' id='block_1_24' title="bbox 1724 1393 1767 1422">
    <p class='ocr_par' dir='ltr' id='par_1_24' title="bbox 1724 1393 1767 1422">
     <span class='ocr_line' id='line_1_58' title="bbox 1724 1393 1767 1422; baseline -0.023 0"><span class='ocrx_word' id='word_1_414' title='bbox 1724 1393 1767 1422; x_wconf 76' lang='lat'>20</span> 
     </span>
    </p>
   </div>
   <div class='ocr_carea' id='block_1_25' title="bbox 1727 1677 1770 1707">
    <p class='ocr_par' dir='ltr' id='par_1_25' title="bbox 1727 1677 1770 1707">
     <span class='ocr_line' id='line_1_59' title="bbox 1727 1677 1770 1707; baseline 0.023 -1"><span class='ocrx_word' id='word_1_415' title='bbox 1727 1677 1770 1707; x_wconf 77' lang='lat'>25</span> 
     </span>
    </p>
   </div>
  </div>
 </body>
</html>
