<?xml version="1.0" encoding="UTF-8"?>
<!DOCTYPE html PUBLIC "-//W3C//DTD XHTML 1.0 Transitional//EN"
    "http://www.w3.org/TR/xhtml1/DTD/xhtml1-transitional.dtd">
<html xmlns="http://www.w3.org/1999/xhtml" xml:lang="en" lang="en">
 <head>
  <title>
</title>
<meta http-equiv="Content-Type" content="text/html;charset=utf-8" />
  <meta name='ocr-system' content='tesseract 3.04.00' />
  <meta name='ocr-capabilities' content='ocr_page ocr_carea ocr_par ocr_line ocrx_word'/>
</head>
<body>
  <div class='ocr_page' id='page_1' title='image "./collectiolibroru02krue_0094.png"; bbox 0 0 1942 3081; ppageno 0'>
   <div class='ocr_carea' id='block_1_1' title="bbox 341 112 1258 170">
    <p class='ocr_par' dir='ltr' id='par_1_1' title="bbox 341 112 1258 170">
     <span class='ocr_line' id='line_1_1' title="bbox 341 112 1258 170; baseline -0.007 -6"><span class='ocrx_word' id='word_1_1' title='bbox 341 112 634 169; x_wconf 66' lang='lat' dir='ltr'>bau1.111‚3.1.a</span> <span class='ocrx_word' id='word_1_2' title='bbox 862 153 975 160; x_wconf 80' lang='lat'>—-</span> <span class='ocrx_word' id='word_1_3' title='bbox 1035 130 1087 170; x_wconf 75' lang='lat'>82</span> <span class='ocrx_word' id='word_1_4' title='bbox 1146 153 1258 159; x_wconf 81' lang='lat'>—</span> 
     </span>
    </p>
   </div>
   <div class='ocr_carea' id='block_1_2' title="bbox 808 255 1305 309">
    <p class='ocr_par' dir='ltr' id='par_1_2' title="bbox 808 255 1305 309">
     <span class='ocr_line' id='line_1_2' title="bbox 808 255 1305 309; baseline -0.002 -14"><span class='ocrx_word' id='word_1_5' title='bbox 808 255 865 309; x_wconf 72' lang='lat'><em>[111</em></span> <span class='ocrx_word' id='word_1_6' title='bbox 924 269 972 295; x_wconf 82' lang='lat' dir='ltr'>DE</span> <span class='ocrx_word' id='word_1_7' title='bbox 1004 269 1098 296; x_wconf 79' lang='lat' dir='ltr'>LEGE</span> <span class='ocrx_word' id='word_1_8' title='bbox 1131 256 1305 308; x_wconf 55' lang='lat' dir='ltr'>rmum]</span> 
     </span>
    </p>
   </div>
   <div class='ocr_carea' id='block_1_3' title="bbox 341 333 1780 492">
    <p class='ocr_par' dir='ltr' id='par_1_3' title="bbox 341 333 1780 492">
     <span class='ocr_line' id='line_1_3' title="bbox 456 333 1780 388; baseline -0.002 -12"><span class='ocrx_word' id='word_1_9' title='bbox 456 338 527 386; x_wconf 75' lang='lat' dir='ltr'>Ea⁷</span> <span class='ocrx_word' id='word_1_10' title='bbox 555 349 662 388; x_wconf 88' lang='lat' dir='ltr'>quae</span> <span class='ocrx_word' id='word_1_11' title='bbox 681 337 721 374; x_wconf 90' lang='lat' dir='ltr'>in</span> <span class='ocrx_word' id='word_1_12' title='bbox 742 335 932 375; x_wconf 85' lang='lat' dir='ltr'>fraudem</span> <span class='ocrx_word' id='word_1_13' title='bbox 954 337 1118 388; x_wconf 87' lang='lat' dir='ltr'>patroni</span> <span class='ocrx_word' id='word_1_14' title='bbox 1141 350 1163 375; x_wconf 91' lang='lat' dir='ltr'>a</span> <span class='ocrx_word' id='word_1_15' title='bbox 1185 335 1333 375; x_wconf 87' lang='lat' dir='ltr'>liberto</span> <span class='ocrx_word' id='word_1_16' title='bbox 1355 347 1521 387; x_wconf 87' lang='lat' dir='ltr'>quoquo</span> <span class='ocrx_word' id='word_1_17' title='bbox 1538 333 1657 374; x_wconf 92' lang='lat' dir='ltr'>modo</span> <span class='ocrx_word' id='word_1_18' title='bbox 1680 335 1780 374; x_wconf 86' lang='lat' dir='ltr'>alie-</span> 
     </span>
     <span class='ocr_line' id='line_1_4' title="bbox 343 392 1780 445; baseline -0.002 -12"><span class='ocrx_word' id='word_1_19' title='bbox 343 401 438 434; x_wconf 85' lang='lat' dir='ltr'>nata</span> <span class='ocrx_word' id='word_1_20' title='bbox 470 401 589 439; x_wconf 73' lang='lat' dir='ltr'>sunt,</span> <span class='ocrx_word' id='word_1_21' title='bbox 626 393 804 433; x_wconf 83' lang='lat' dir='ltr'>Fabiana</span> <span class='ocrx_word' id='word_1_22' title='bbox 836 392 1009 433; x_wconf 86' lang='lat' dir='ltr'>formula</span> <span class='ocrx_word' id='word_1_23' title='bbox 1032 400 1114 433; x_wconf 84' lang='lat' dir='ltr'>tam</span> <span class='ocrx_word' id='word_1_24' title='bbox 1137 392 1188 433; x_wconf 84' lang='lat' dir='ltr'>ab</span> <span class='ocrx_word' id='word_1_25' title='bbox 1222 394 1309 445; x_wconf 86' lang='lat' dir='ltr'>ipso</span> <span class='ocrx_word' id='word_1_26' title='bbox 1333 399 1504 445; x_wconf 86' lang='lat' dir='ltr'>patrono</span> <span class='ocrx_word' id='word_1_27' title='bbox 1536 404 1661 443; x_wconf 91' lang='lat' dir='ltr'>quam</span> <span class='ocrx_word' id='word_1_28' title='bbox 1685 405 1706 431; x_wconf 88' lang='lat' dir='ltr'>a</span> <span class='ocrx_word' id='word_1_29' title='bbox 1730 392 1780 430; x_wconf 94' lang='lat' dir='ltr'>li-</span> 
     </span>
     <span class='ocr_line' id='line_1_5' title="bbox 341 451 855 492; baseline -0.006 -1"><span class='ocrx_word' id='word_1_30' title='bbox 341 451 454 492; x_wconf 87' lang='lat' dir='ltr'>beris</span> <span class='ocrx_word' id='word_1_31' title='bbox 476 453 567 491; x_wconf 90' lang='lat' dir='ltr'>eius</span> <span class='ocrx_word' id='word_1_32' title='bbox 591 458 855 491; x_wconf 85' lang='lat' dir='ltr'>reuocantur.</span> 
     </span>
    </p>
   </div>
   <div class='ocr_carea' id='block_1_4' title="bbox 817 586 1297 638">
    <p class='ocr_par' dir='ltr' id='par_1_4' title="bbox 817 586 1297 638">
     <span class='ocr_line' id='line_1_6' title="bbox 817 586 1297 638; baseline 0.002 -14"><span class='ocrx_word' id='word_1_33' title='bbox 817 586 890 638; x_wconf 52' lang='lat' dir='ltr'>[nux</span> <span class='ocrx_word' id='word_1_34' title='bbox 950 599 997 625; x_wconf 85' lang='lat' dir='ltr'>DE</span> <span class='ocrx_word' id='word_1_35' title='bbox 1029 586 1297 638; x_wconf 74' lang='lat' dir='ltr'>TESTAMENTIS]</span> 
     </span>
    </p>
   </div>
   <div class='ocr_carea' id='block_1_5' title="bbox 277 666 1790 1976">
    <p class='ocr_par' dir='ltr' id='par_1_5' title="bbox 295 666 1784 1063">
     <span class='ocr_line' id='line_1_7' title="bbox 297 666 1783 718; baseline -0.001 -12"><span class='ocrx_word' id='word_1_36' title='bbox 297 669 310 706; x_wconf 83' lang='grc'><strong>4</strong></span> <span class='ocrx_word' id='word_1_37' title='bbox 457 668 767 707; x_wconf 81' lang='lat' dir='ltr'>Testamentum</span> <span class='ocrx_word' id='word_1_38' title='bbox 780 666 917 705; x_wconf 87' lang='lat' dir='ltr'>facere</span> <span class='ocrx_word' id='word_1_39' title='bbox 934 672 1109 718; x_wconf 90' lang='lat' dir='ltr'>possunt</span> <span class='ocrx_word' id='word_1_40' title='bbox 1124 666 1400 717; x_wconf 85' lang='lat' dir='ltr'>masculipost</span> <span class='ocrx_word' id='word_1_41' title='bbox 1419 666 1636 717; x_wconf 90' lang='lat' dir='ltr'>impletum</span> <span class='ocrx_word' id='word_1_42' title='bbox 1654 678 1783 717; x_wconf 88' lang='lat' dir='ltr'>quar-</span> 
     </span>
     <span class='ocr_line' id='line_1_8' title="bbox 295 722 1783 775; baseline -0.001 -11"><span class='ocrx_word' id='word_1_43' title='bbox 295 726 318 763; x_wconf 69' lang='lat'><strong>2</strong></span> <span class='ocrx_word' id='word_1_44' title='bbox 345 732 431 764; x_wconf 88' lang='lat' dir='ltr'>tum</span> <span class='ocrx_word' id='word_1_45' title='bbox 455 724 663 764; x_wconf 85' lang='lat' dir='ltr'>decimum</span> <span class='ocrx_word' id='word_1_46' title='bbox 687 736 861 762; x_wconf 86' lang='lat' dir='ltr'>annum.</span> <span class='ocrx_word' id='word_1_47' title='bbox 890 722 1067 763; x_wconf 86' lang='lat' dir='ltr'>feminae</span> <span class='ocrx_word' id='word_1_48' title='bbox 1091 730 1183 775; x_wconf 92' lang='lat' dir='ltr'>post</span> <span class='ocrx_word' id='word_1_49' title='bbox 1204 722 1513 762; x_wconf 89' lang='lat' dir='ltr'>duodecimum.</span> <span class='ocrx_word' id='word_1_50' title='bbox 1568 723 1783 775; x_wconf 83' lang='lat' dir='ltr'>Spadones</span> 
     </span>
     <span class='ocr_line' id='line_1_9' title="bbox 347 780 1783 833; baseline -0.001 -12"><span class='ocrx_word' id='word_1_51' title='bbox 347 795 392 821; x_wconf 73' lang='lat' dir='ltr'>eo</span> <span class='ocrx_word' id='word_1_52' title='bbox 420 789 607 833; x_wconf 86' lang='lat' dir='ltr'>tempore</span> <span class='ocrx_word' id='word_1_53' title='bbox 639 786 936 820; x_wconf 86' lang='lat' dir='ltr'>testamentum</span> <span class='ocrx_word' id='word_1_54' title='bbox 968 780 1104 820; x_wconf 87' lang='lat' dir='ltr'>facere</span> <span class='ocrx_word' id='word_1_55' title='bbox 1135 787 1331 832; x_wconf 72' lang='lat' dir='ltr'>possunt7</span> <span class='ocrx_word' id='word_1_56' title='bbox 1370 792 1450 831; x_wconf 92' lang='lat' dir='ltr'>quo</span> <span class='ocrx_word' id='word_1_57' title='bbox 1479 780 1671 832; x_wconf 84' lang='lat' dir='ltr'>plerique</span> <span class='ocrx_word' id='word_1_58' title='bbox 1703 793 1783 832; x_wconf 90' lang='lat' dir='ltr'>pu-</span> 
     </span>
     <span class='ocr_line' id='line_1_10' title="bbox 295 836 1781 889; baseline -0.001 -12"><span class='ocrx_word' id='word_1_59' title='bbox 295 840 316 877; x_wconf 87' lang='lat'><strong>3</strong></span> <span class='ocrx_word' id='word_1_60' title='bbox 344 839 535 888; x_wconf 83' lang='lat' dir='ltr'>bescunt,</span> <span class='ocrx_word' id='word_1_61' title='bbox 562 837 606 877; x_wconf 92' lang='lat' dir='ltr'>id</span> <span class='ocrx_word' id='word_1_62' title='bbox 628 844 689 876; x_wconf 91' lang='lat' dir='ltr'>est</span> <span class='ocrx_word' id='word_1_63' title='bbox 717 849 921 877; x_wconf 90' lang='lat' dir='ltr'>annorum</span> <span class='ocrx_word' id='word_1_64' title='bbox 944 837 1089 877; x_wconf 84' lang='lat' dir='ltr'>decem</span> <span class='ocrx_word' id='word_1_65' title='bbox 1112 844 1152 876; x_wconf 91' lang='lat' dir='ltr'>et</span> <span class='ocrx_word' id='word_1_66' title='bbox 1175 844 1278 876; x_wconf 85' lang='lat' dir='ltr'>octo.</span> <span class='ocrx_word' id='word_1_67' title='bbox 1333 837 1460 876; x_wconf 86' lang='lat' dir='ltr'>Filius</span> <span class='ocrx_word' id='word_1_68' title='bbox 1483 836 1683 887; x_wconf 77' lang='lat' dir='ltr'>familias,</span> <span class='ocrx_word' id='word_1_69' title='bbox 1710 838 1781 889; x_wconf 91' lang='lat' dir='ltr'>qui</span> 
     </span>
     <span class='ocr_line' id='line_1_11' title="bbox 344 894 1782 946; baseline -0.002 -10"><span class='ocrx_word' id='word_1_70' title='bbox 344 896 563 946; x_wconf 69' lang='lat' dir='ltr'>militauit,</span> <span class='ocrx_word' id='word_1_71' title='bbox 599 895 652 935; x_wconf 92' lang='lat' dir='ltr'>de</span> <span class='ocrx_word' id='word_1_72' title='bbox 683 895 884 934; x_wconf 82' lang='lat' dir='ltr'>castrensi</span> <span class='ocrx_word' id='word_1_73' title='bbox 915 894 1079 946; x_wconf 90' lang='lat' dir='ltr'>peculio</span> <span class='ocrx_word' id='word_1_74' title='bbox 1108 901 1191 934; x_wconf 90' lang='lat' dir='ltr'>tam</span> <span class='ocrx_word' id='word_1_75' title='bbox 1223 894 1432 933; x_wconf 89' lang='lat' dir='ltr'>communi</span> <span class='ocrx_word' id='word_1_76' title='bbox 1463 906 1588 946; x_wconf 87' lang='lat' dir='ltr'>quam</span> <span class='ocrx_word' id='word_1_77' title='bbox 1615 895 1782 946; x_wconf 89' lang='lat' dir='ltr'>proprio</span> 
     </span>
     <span class='ocr_line' id='line_1_12' title="bbox 346 951 1784 1004; baseline -0.001 -12"><span class='ocrx_word' id='word_1_78' title='bbox 346 955 436 994; x_wconf 87' lang='lat' dir='ltr'>iure</span> <span class='ocrx_word' id='word_1_79' title='bbox 458 958 752 993; x_wconf 88' lang='lat' dir='ltr'>testamentum</span> <span class='ocrx_word' id='word_1_80' title='bbox 777 951 912 992; x_wconf 84' lang='lat' dir='ltr'>facere</span> <span class='ocrx_word' id='word_1_81' title='bbox 934 958 1083 1004; x_wconf 87' lang='lat' dir='ltr'>potest.</span> <span class='ocrx_word' id='word_1_82' title='bbox 1119 957 1329 991; x_wconf 76' lang='lat' dir='ltr'>castrense</span> <span class='ocrx_word' id='word_1_83' title='bbox 1353 953 1463 990; x_wconf 89' lang='lat' dir='ltr'>enim</span> <span class='ocrx_word' id='word_1_84' title='bbox 1486 951 1696 1003; x_wconf 90' lang='lat' dir='ltr'>peculium</span> <span class='ocrx_word' id='word_1_85' title='bbox 1721 959 1784 990; x_wconf 90' lang='lat' dir='ltr'>est</span> 
     </span>
     <span class='ocr_line' id='line_1_13' title="bbox 345 1007 1782 1063; baseline -0.003 -12"><span class='ocrx_word' id='word_1_86' title='bbox 345 1010 459 1063; x_wconf 89' lang='lat' dir='ltr'>quod</span> <span class='ocrx_word' id='word_1_87' title='bbox 480 1011 523 1049; x_wconf 87' lang='lat' dir='ltr'>iu</span> <span class='ocrx_word' id='word_1_88' title='bbox 555 1010 702 1050; x_wconf 88' lang='lat' dir='ltr'>castris</span> <span class='ocrx_word' id='word_1_89' title='bbox 724 1008 965 1060; x_wconf 84' lang='lat' dir='ltr'>adquiritur</span> <span class='ocrx_word' id='word_1_90' title='bbox 984 1009 1054 1048; x_wconf 90' lang='lat' dir='ltr'>uel</span> <span class='ocrx_word' id='word_1_91' title='bbox 1076 1008 1188 1060; x_wconf 91' lang='lat' dir='ltr'>quod</span> <span class='ocrx_word' id='word_1_92' title='bbox 1209 1008 1486 1061; x_wconf 81' lang='lat' dir='ltr'>proficiscenti</span> <span class='ocrx_word' id='word_1_93' title='bbox 1519 1007 1571 1048; x_wconf 91' lang='lat' dir='ltr'>ad</span> <span class='ocrx_word' id='word_1_94' title='bbox 1594 1009 1782 1048; x_wconf 89' lang='lat' dir='ltr'>militiam</span> 
     </span>
    </p>

    <p class='ocr_par' dir='ltr' id='par_1_6' title="bbox 277 1065 1790 1976">
     <span class='ocr_line' id='line_1_14' title="bbox 298 1065 1784 1117; baseline -0.001 -12"><span class='ocrx_word' id='word_1_95' title='bbox 298 1068 318 1105; x_wconf 76' lang='lat'><strong>4</strong></span> <span class='ocrx_word' id='word_1_96' title='bbox 345 1069 484 1108; x_wconf 89' lang='lat' dir='ltr'>datur.</span> <span class='ocrx_word' id='word_1_97' title='bbox 540 1067 698 1107; x_wconf 81' lang='lat' dir='ltr'>Caecus</span> <span class='ocrx_word' id='word_1_98' title='bbox 727 1073 1025 1106; x_wconf 84' lang='lat' dir='ltr'>testamentum</span> <span class='ocrx_word' id='word_1_99' title='bbox 1057 1065 1194 1105; x_wconf 86' lang='lat' dir='ltr'>facere</span> <span class='ocrx_word' id='word_1_100' title='bbox 1234 1072 1384 1117; x_wconf 82' lang='lat' dir='ltr'>potest,</span> <span class='ocrx_word' id='word_1_101' title='bbox 1414 1066 1512 1117; x_wconf 89' lang='lat' dir='ltr'>quia</span> <span class='ocrx_word' id='word_1_102' title='bbox 1544 1067 1679 1105; x_wconf 84' lang='lat' dir='ltr'>accire</span> <span class='ocrx_word' id='word_1_103' title='bbox 1709 1079 1784 1117; x_wconf 91' lang='lat' dir='ltr'>po-</span> 
     </span>
     <span class='ocr_line' id='line_1_15' title="bbox 345 1122 1785 1175; baseline -0.002 -10"><span class='ocrx_word' id='word_1_104' title='bbox 345 1132 425 1165; x_wconf 87' lang='lat' dir='ltr'>test</span> <span class='ocrx_word' id='word_1_105' title='bbox 457 1124 665 1164; x_wconf 88' lang='lat' dir='ltr'>adhibitos</span> <span class='ocrx_word' id='word_1_106' title='bbox 694 1130 823 1163; x_wconf 88' lang='lat' dir='ltr'>testes</span> <span class='ocrx_word' id='word_1_107' title='bbox 860 1130 900 1163; x_wconf 88' lang='lat' dir='ltr'>et</span> <span class='ocrx_word' id='word_1_108' title='bbox 937 1123 1084 1163; x_wconf 88' lang='lat' dir='ltr'>audire</span> <span class='ocrx_word' id='word_1_109' title='bbox 1121 1123 1198 1162; x_wconf 86' lang='lat' dir='ltr'>sibi</span> <span class='ocrx_word' id='word_1_110' title='bbox 1235 1123 1518 1162; x_wconf 83' lang='lat' dir='ltr'>testimonium</span> <span class='ocrx_word' id='word_1_111' title='bbox 1555 1122 1785 1175; x_wconf 88' lang='lat' dir='ltr'>perhiben-</span> 
     </span>
     <span class='ocr_line' id='line_1_16' title="bbox 283 1179 1785 1232; baseline -0.001 -12"><span class='ocrx_word' id='word_1_112' title='bbox 283 1183 321 1220; x_wconf 60' lang='lat'>4‘2</span> <span class='ocrx_word' id='word_1_113' title='bbox 346 1190 422 1222; x_wconf 87' lang='lat' dir='ltr'>tes.</span> <span class='ocrx_word' id='word_1_114' title='bbox 458 1182 561 1228; x_wconf 74' lang='lat' dir='ltr'>*Qui</span> <span class='ocrx_word' id='word_1_115' title='bbox 584 1193 731 1220; x_wconf 89' lang='lat' dir='ltr'>manus</span> <span class='ocrx_word' id='word_1_116' title='bbox 753 1182 905 1231; x_wconf 68' lang='lat' dir='ltr'>amisit,</span> <span class='ocrx_word' id='word_1_117' title='bbox 932 1187 1228 1220; x_wconf 86' lang='lat' dir='ltr'>testamentum</span> <span class='ocrx_word' id='word_1_118' title='bbox 1252 1179 1386 1219; x_wconf 84' lang='lat' dir='ltr'>facere</span> <span class='ocrx_word' id='word_1_119' title='bbox 1408 1186 1564 1232; x_wconf 79' lang='lat' dir='ltr'>potest,</span> <span class='ocrx_word' id='word_1_120' title='bbox 1592 1182 1785 1232; x_wconf 88' lang='lat' dir='ltr'>quamuis</span> 
     </span>
     <span class='ocr_line' id='line_1_17' title="bbox 298 1237 1785 1290; baseline -0.001 -13"><span class='ocrx_word' id='word_1_121' title='bbox 298 1241 320 1277; x_wconf 74' lang='grc' dir='ltr'>ὃ</span> <span class='ocrx_word' id='word_1_122' title='bbox 346 1239 557 1279; x_wconf 82' lang='lat' dir='ltr'>*scribere</span> <span class='ocrx_word' id='word_1_123' title='bbox 589 1251 670 1277; x_wconf 92' lang='lat' dir='ltr'>non</span> <span class='ocrx_word' id='word_1_124' title='bbox 699 1238 872 1290; x_wconf 62' lang='lat' dir='ltr'>possit*</span> <span class='ocrx_word' id='word_1_125' title='bbox 930 1238 1126 1277; x_wconf 90' lang='lat' dir='ltr'>Furiosus</span> <span class='ocrx_word' id='word_1_126' title='bbox 1158 1244 1344 1289; x_wconf 89' lang='lat' dir='ltr'>tempore</span> <span class='ocrx_word' id='word_1_127' title='bbox 1376 1237 1603 1276; x_wconf 82' lang='lat' dir='ltr'>intermissi</span> <span class='ocrx_word' id='word_1_128' title='bbox 1634 1237 1785 1277; x_wconf 81' lang='lat' dir='ltr'>furoris</span> 
     </span>
     <span class='ocr_line' id='line_1_18' title="bbox 298 1294 1786 1347; baseline -0.002 -12"><span class='ocrx_word' id='word_1_129' title='bbox 298 1299 320 1335; x_wconf 89' lang='grc'>6</span> <span class='ocrx_word' id='word_1_130' title='bbox 346 1303 644 1337; x_wconf 86' lang='lat' dir='ltr'>testamentum</span> <span class='ocrx_word' id='word_1_131' title='bbox 666 1295 801 1335; x_wconf 88' lang='lat' dir='ltr'>facere</span> <span class='ocrx_word' id='word_1_132' title='bbox 823 1302 974 1347; x_wconf 87' lang='lat' dir='ltr'>potest.</span> <span class='ocrx_word' id='word_1_133' title='bbox 1026 1294 1102 1334; x_wconf 79' lang='lat' dir='ltr'>*Et</span> <span class='ocrx_word' id='word_1_134' title='bbox 1123 1295 1289 1334; x_wconf 86' lang='lat' dir='ltr'>mulieri</span> <span class='ocrx_word' id='word_1_135' title='bbox 1304 1326 1312 1340; x_wconf 69' lang='lat'><em>,</em></span> <span class='ocrx_word' id='word_1_136' title='bbox 1348 1307 1456 1346; x_wconf 88' lang='lat' dir='ltr'>quae</span> <span class='ocrx_word' id='word_1_137' title='bbox 1484 1294 1697 1334; x_wconf 83' lang='lat' dir='ltr'>luxuriose</span> <span class='ocrx_word' id='word_1_138' title='bbox 1719 1296 1786 1334; x_wconf 90' lang='lat' dir='ltr'>ui-</span> 
     </span>
     <span class='ocr_line' id='line_1_19' title="bbox 298 1351 1787 1404; baseline -0.001 -12"><span class='ocrx_word' id='word_1_139' title='bbox 298 1354 321 1392; x_wconf 78' lang='lat'><strong>7</strong></span> <span class='ocrx_word' id='word_1_140' title='bbox 348 1354 448 1403; x_wconf 77' lang='lat' dir='ltr'>*uit‚</span> <span class='ocrx_word' id='word_1_141' title='bbox 473 1353 584 1392; x_wconf 78' lang='lat' dir='ltr'>bonis</span> <span class='ocrx_word' id='word_1_142' title='bbox 602 1352 796 1392; x_wconf 84' lang='lat' dir='ltr'>interdici</span> <span class='ocrx_word' id='word_1_143' title='bbox 814 1352 994 1404; x_wconf 80' lang='lat' dir='ltr'>potest.*</span> <span class='ocrx_word' id='word_1_144' title='bbox 1024 1352 1205 1391; x_wconf 85' lang='lat' dir='ltr'>Moribus</span> <span class='ocrx_word' id='word_1_145' title='bbox 1227 1364 1303 1404; x_wconf 88' lang='lat' dir='ltr'>per</span> <span class='ocrx_word' id='word_1_146' title='bbox 1324 1358 1558 1404; x_wconf 79' lang='lat' dir='ltr'>praetorem</span> <span class='ocrx_word' id='word_1_147' title='bbox 1579 1351 1699 1391; x_wconf 87' lang='lat' dir='ltr'>bonis</span> <span class='ocrx_word' id='word_1_148' title='bbox 1719 1353 1787 1391; x_wconf 91' lang='lat' dir='ltr'>in-</span> 
     </span>
     <span class='ocr_line' id='line_1_20' title="bbox 347 1409 1787 1456; baseline -0.002 -6"><span class='ocrx_word' id='word_1_149' title='bbox 347 1410 568 1451; x_wconf 88' lang='lat' dir='ltr'>terdicitur</span> <span class='ocrx_word' id='word_1_150' title='bbox 585 1411 661 1449; x_wconf 89' lang='lat' dir='ltr'>hoc</span> <span class='ocrx_word' id='word_1_151' title='bbox 678 1409 820 1449; x_wconf 90' lang='lat' dir='ltr'>modo:</span> <span class='ocrx_word' id='word_1_152' title='bbox 849 1422 1004 1456; x_wconf 71' lang='lat' dir='ltr'><strong>QVANDO</strong></span> <span class='ocrx_word' id='word_1_153' title='bbox 1027 1422 1103 1448; x_wconf 82' lang='lat' dir='ltr'>T1131</span> <span class='ocrx_word' id='word_1_154' title='bbox 1125 1422 1225 1448; x_wconf 69' lang='lat' dir='ltr'>BONA</span> <span class='ocrx_word' id='word_1_155' title='bbox 1248 1422 1418 1448; x_wconf 74' lang='lat' dir='ltr'>PATERNA</span> <span class='ocrx_word' id='word_1_156' title='bbox 1439 1421 1625 1455; x_wconf 72' lang='lat' dir='ltr'><strong>AVITAQVE</strong></span> <span class='ocrx_word' id='word_1_157' title='bbox 1649 1421 1787 1455; x_wconf 74' lang='lat' dir='ltr'>NEQvi-</span> 
     </span>
     <span class='ocr_line' id='line_1_21' title="bbox 347 1478 1785 1516; baseline -0.002 -9"><span class='ocrx_word' id='word_1_158' title='bbox 347 1481 411 1507; x_wconf 66' lang='lat' dir='ltr'>‘rm</span> <span class='ocrx_word' id='word_1_159' title='bbox 439 1480 510 1507; x_wconf 67' lang='lat' dir='ltr'>rw.</span> <span class='ocrx_word' id='word_1_160' title='bbox 540 1479 740 1506; x_wconf 74' lang='lat' dir='ltr'>nisrssnnis</span> <span class='ocrx_word' id='word_1_161' title='bbox 770 1478 1004 1512; x_wconf 69' lang='lat' dir='ltr'>Lnnznosovss</span> <span class='ocrx_word' id='word_1_162' title='bbox 1032 1479 1127 1506; x_wconf 75' lang='lat' dir='ltr'>Tvos</span> <span class='ocrx_word' id='word_1_163' title='bbox 1158 1479 1208 1505; x_wconf 69' lang='lat' dir='ltr'>An</span> <span class='ocrx_word' id='word_1_164' title='bbox 1238 1479 1457 1505; x_wconf 79' lang='lat' dir='ltr'>EGESTATEM</span> <span class='ocrx_word' id='word_1_165' title='bbox 1489 1478 1692 1516; x_wconf 70' lang='lat' dir='ltr'>PERDvms,</span> <span class='ocrx_word' id='word_1_166' title='bbox 1737 1479 1785 1505; x_wconf 74' lang='lat'>013</span> 
     </span>
     <span class='ocr_line' id='line_1_22' title="bbox 299 1522 1788 1571; baseline 0 -8"><span class='ocrx_word' id='word_1_167' title='bbox 299 1527 322 1563; x_wconf 88' lang='lat'>8</span> <span class='ocrx_word' id='word_1_168' title='bbox 348 1539 422 1565; x_wconf 74' lang='lat' dir='ltr'>EAM</span> <span class='ocrx_word' id='word_1_169' title='bbox 452 1538 526 1565; x_wconf 80' lang='lat' dir='ltr'>REM</span> <span class='ocrx_word' id='word_1_170' title='bbox 549 1537 626 1563; x_wconf 76' lang='lat' dir='ltr'>Tim</span> <span class='ocrx_word' id='word_1_171' title='bbox 657 1537 705 1564; x_wconf 74' lang='lat' dir='ltr'>EA</span> <span class='ocrx_word' id='word_1_172' title='bbox 726 1537 772 1563; x_wconf 74' lang='lat' dir='ltr'>nr,</span> <span class='ocrx_word' id='word_1_173' title='bbox 804 1536 1099 1571; x_wconf 72' lang='lat' dir='ltr'>conimssncroovss</span> <span class='ocrx_word' id='word_1_174' title='bbox 1132 1536 1354 1562; x_wconf 70' lang='lat' dir='ltr'>mmnmco.</span> <span class='ocrx_word' id='word_1_175' title='bbox 1407 1524 1487 1570; x_wconf 86' lang='lat' dir='ltr'>Qui</span> <span class='ocrx_word' id='word_1_176' title='bbox 1514 1522 1567 1562; x_wconf 86' lang='lat' dir='ltr'>ab</span> <span class='ocrx_word' id='word_1_177' title='bbox 1598 1523 1788 1563; x_wconf 83' lang='lat' dir='ltr'>hostibus</span> 
     </span>
     <span class='ocr_line' id='line_1_23' title="bbox 350 1580 1787 1635; baseline -0.002 -13"><span class='ocrx_word' id='word_1_178' title='bbox 350 1589 496 1635; x_wconf 90' lang='lat' dir='ltr'>captus</span> <span class='ocrx_word' id='word_1_179' title='bbox 517 1588 594 1632; x_wconf 76' lang='lat' dir='ltr'>est,</span> <span class='ocrx_word' id='word_1_180' title='bbox 621 1588 916 1621; x_wconf 88' lang='lat' dir='ltr'>testamentum</span> <span class='ocrx_word' id='word_1_181' title='bbox 940 1582 1060 1632; x_wconf 85' lang='lat' dir='ltr'>quasi</span> <span class='ocrx_word' id='word_1_182' title='bbox 1077 1593 1227 1620; x_wconf 88' lang='lat' dir='ltr'>seruus</span> <span class='ocrx_word' id='word_1_183' title='bbox 1244 1580 1380 1621; x_wconf 87' lang='lat' dir='ltr'>facere</span> <span class='ocrx_word' id='word_1_184' title='bbox 1397 1593 1479 1620; x_wconf 89' lang='lat' dir='ltr'>non</span> <span class='ocrx_word' id='word_1_185' title='bbox 1498 1587 1647 1633; x_wconf 88' lang='lat' dir='ltr'>potest.</span> <span class='ocrx_word' id='word_1_186' title='bbox 1687 1593 1787 1620; x_wconf 86' lang='lat' dir='ltr'>sane</span> 
     </span>
     <span class='ocr_line' id='line_1_24' title="bbox 349 1637 1787 1690; baseline -0.001 -11"><span class='ocrx_word' id='word_1_187' title='bbox 349 1640 462 1680; x_wconf 89' lang='lat' dir='ltr'>ualet</span> <span class='ocrx_word' id='word_1_188' title='bbox 492 1645 788 1679; x_wconf 87' lang='lat' dir='ltr'>testamentum</span> <span class='ocrx_word' id='word_1_189' title='bbox 820 1638 862 1678; x_wconf 91' lang='lat' dir='ltr'>id</span> <span class='ocrx_word' id='word_1_190' title='bbox 885 1637 997 1690; x_wconf 89' lang='lat' dir='ltr'>quod</span> <span class='ocrx_word' id='word_1_191' title='bbox 1027 1645 1122 1677; x_wconf 87' lang='lat' dir='ltr'>ante</span> <span class='ocrx_word' id='word_1_192' title='bbox 1145 1639 1429 1689; x_wconf 89' lang='lat' dir='ltr'>captiuitatem</span> <span class='ocrx_word' id='word_1_193' title='bbox 1459 1637 1610 1677; x_wconf 86' lang='lat' dir='ltr'>factum</span> <span class='ocrx_word' id='word_1_194' title='bbox 1636 1644 1719 1688; x_wconf 81' lang='lat' dir='ltr'>est,</span> <span class='ocrx_word' id='word_1_195' title='bbox 1753 1638 1787 1677; x_wconf 90' lang='lat' dir='ltr'>si</span> 
     </span>
     <span class='ocr_line' id='line_1_25' title="bbox 352 1694 1789 1748; baseline -0.001 -12"><span class='ocrx_word' id='word_1_196' title='bbox 352 1703 604 1746; x_wconf 81' lang='lat' dir='ltr'>reuertatur,</span> <span class='ocrx_word' id='word_1_197' title='bbox 631 1696 721 1735; x_wconf 90' lang='lat' dir='ltr'>iure</span> <span class='ocrx_word' id='word_1_198' title='bbox 743 1696 1010 1748; x_wconf 80' lang='lat' dir='ltr'>postliminii,</span> <span class='ocrx_word' id='word_1_199' title='bbox 1036 1701 1107 1734; x_wconf 90' lang='lat' dir='ltr'>aut</span> <span class='ocrx_word' id='word_1_200' title='bbox 1129 1696 1161 1734; x_wconf 89' lang='lat' dir='ltr'>si</span> <span class='ocrx_word' id='word_1_201' title='bbox 1187 1694 1342 1734; x_wconf 85' lang='lat' dir='ltr'>ibidem</span> <span class='ocrx_word' id='word_1_202' title='bbox 1364 1694 1560 1745; x_wconf 69' lang='lat' dir='ltr'>decedat,</span> <span class='ocrx_word' id='word_1_203' title='bbox 1587 1694 1789 1734; x_wconf 87' lang='lat' dir='ltr'>beneficio</span> 
     </span>
     <span class='ocr_line' id='line_1_26' title="bbox 351 1751 1790 1805; baseline -0.001 -12"><span class='ocrx_word' id='word_1_204' title='bbox 351 1755 455 1805; x_wconf 81' lang='lat' dir='ltr'>legis</span> <span class='ocrx_word' id='word_1_205' title='bbox 478 1753 717 1802; x_wconf 75' lang='lat' dir='ltr'>Corneliae,</span> <span class='ocrx_word' id='word_1_206' title='bbox 753 1765 835 1804; x_wconf 89' lang='lat' dir='ltr'>qua</span> <span class='ocrx_word' id='word_1_207' title='bbox 866 1753 956 1804; x_wconf 77' lang='lat' dir='ltr'>lege</span> <span class='ocrx_word' id='word_1_208' title='bbox 990 1753 1114 1791; x_wconf 89' lang='lat' dir='ltr'>etiam</span> <span class='ocrx_word' id='word_1_209' title='bbox 1147 1752 1357 1804; x_wconf 78' lang='lat' dir='ltr'>legitimae</span> <span class='ocrx_word' id='word_1_210' title='bbox 1390 1752 1544 1792; x_wconf 86' lang='lat' dir='ltr'>tutelae</span> <span class='ocrx_word' id='word_1_211' title='bbox 1577 1751 1790 1792; x_wconf 88' lang='lat' dir='ltr'>beredita-</span> 
     </span>
     <span class='ocr_line' id='line_1_27' title="bbox 303 1808 1787 1863; baseline -0.001 -14"><span class='ocrx_word' id='word_1_212' title='bbox 303 1813 325 1849; x_wconf 84' lang='lat'>9</span> <span class='ocrx_word' id='word_1_213' title='bbox 352 1818 498 1863; x_wconf 83' lang='lat' dir='ltr'>tesque</span> <span class='ocrx_word' id='word_1_214' title='bbox 520 1810 754 1849; x_wconf 86' lang='lat' dir='ltr'>firmantur.</span> <span class='ocrx_word' id='word_1_215' title='bbox 817 1810 862 1848; x_wconf 92' lang='lat' dir='ltr'>In</span> <span class='ocrx_word' id='word_1_216' title='bbox 885 1809 1063 1848; x_wconf 87' lang='lat' dir='ltr'>insulam</span> <span class='ocrx_word' id='word_1_217' title='bbox 1086 1809 1294 1860; x_wconf 73' lang='lat' dir='ltr'>relegatus</span> <span class='ocrx_word' id='word_1_218' title='bbox 1318 1816 1357 1849; x_wconf 89' lang='lat' dir='ltr'>et</span> <span class='ocrx_word' id='word_1_219' title='bbox 1380 1810 1419 1847; x_wconf 91' lang='lat' dir='ltr'>in</span> <span class='ocrx_word' id='word_1_220' title='bbox 1449 1821 1552 1861; x_wconf 89' lang='lat' dir='ltr'>opus</span> <span class='ocrx_word' id='word_1_221' title='bbox 1573 1808 1787 1860; x_wconf 88' lang='lat' dir='ltr'>publicum</span> 
     </span>
     <span class='ocr_line' id='line_1_28' title="bbox 353 1866 1788 1919; baseline -0.002 -11"><span class='ocrx_word' id='word_1_222' title='bbox 353 1868 406 1908; x_wconf 88' lang='lat' dir='ltr'>ad</span> <span class='ocrx_word' id='word_1_223' title='bbox 436 1875 601 1919; x_wconf 88' lang='lat' dir='ltr'>tempus</span> <span class='ocrx_word' id='word_1_224' title='bbox 624 1866 862 1917; x_wconf 83' lang='lat' dir='ltr'>damnatus,</span> <span class='ocrx_word' id='word_1_225' title='bbox 901 1867 997 1918; x_wconf 89' lang='lat' dir='ltr'>quia</span> <span class='ocrx_word' id='word_1_226' title='bbox 1020 1866 1200 1905; x_wconf 76' lang='lat' dir='ltr'>retinent</span> <span class='ocrx_word' id='word_1_227' title='bbox 1232 1867 1468 1916; x_wconf 82' lang='lat' dir='ltr'>ciuitatem⁷</span> <span class='ocrx_word' id='word_1_228' title='bbox 1494 1873 1788 1905; x_wconf 84' lang='lat' dir='ltr'>testamentum</span> 
     </span>
     <span class='ocr_line' id='line_1_29' title="bbox 277 1924 1788 1976; baseline -0.002 -11"><span class='ocrx_word' id='word_1_229' title='bbox 277 1926 325 1964; x_wconf 74' lang='lat'>40</span> <span class='ocrx_word' id='word_1_230' title='bbox 353 1925 489 1965; x_wconf 87' lang='lat' dir='ltr'>facere</span> <span class='ocrx_word' id='word_1_231' title='bbox 511 1931 685 1976; x_wconf 87' lang='lat' dir='ltr'>possunt</span> <span class='ocrx_word' id='word_1_232' title='bbox 708 1931 747 1963; x_wconf 89' lang='lat' dir='ltr'>et</span> <span class='ocrx_word' id='word_1_233' title='bbox 769 1937 821 1963; x_wconf 77' lang='lat' dir='ltr'>ex</span> <span class='ocrx_word' id='word_1_234' title='bbox 841 1930 1088 1963; x_wconf 89' lang='lat' dir='ltr'>testamento</span> <span class='ocrx_word' id='word_1_235' title='bbox 1110 1936 1273 1975; x_wconf 86' lang='lat' dir='ltr'>capere.</span> <span class='ocrx_word' id='word_1_236' title='bbox 1321 1924 1460 1963; x_wconf 90' lang='lat' dir='ltr'>Plures</span> <span class='ocrx_word' id='word_1_237' title='bbox 1481 1936 1607 1974; x_wconf 87' lang='lat' dir='ltr'>quam</span> <span class='ocrx_word' id='word_1_238' title='bbox 1628 1930 1788 1975; x_wconf 85' lang='lat' dir='ltr'>septem</span> 
     </span>
    </p>
   </div>
   <div class='ocr_carea' id='block_1_6' title="bbox 356 2071 1787 2158">
    <p class='ocr_par' dir='ltr' id='par_1_7' title="bbox 356 2071 1787 2158">
     <span class='ocr_line' id='line_1_30' title="bbox 447 2071 1787 2113; baseline -0.001 -10"><span class='ocrx_word' id='word_1_239' title='bbox 447 2075 501 2111; x_wconf 59' lang='lat' dir='ltr'>lm,</span> <span class='ocrx_word' id='word_1_240' title='bbox 524 2074 560 2103; x_wconf 68' lang='lat'>4³</span> <span class='ocrx_word' id='word_1_241' title='bbox 578 2085 618 2099; x_wconf 91' lang='lat'>=</span> <span class='ocrx_word' id='word_1_242' title='bbox 640 2072 718 2113; x_wconf 62' lang='lat' dir='ltr'>Dis).</span> <span class='ocrx_word' id='word_1_243' title='bbox 739 2073 793 2108; x_wconf 75' lang='lat'>28,</span> <span class='ocrx_word' id='word_1_244' title='bbox 819 2074 848 2109; x_wconf 80' lang='grc'>4,</span> <span class='ocrx_word' id='word_1_245' title='bbox 870 2074 909 2102; x_wconf 86' lang='grc'>40</span> <span class='ocrx_word' id='word_1_246' title='bbox 963 2072 976 2112; x_wconf 75' lang='grc' dir='ltr'><strong>Η</strong></span> <span class='ocrx_word' id='word_1_247' title='bbox 1032 2073 1086 2110; x_wconf 60' lang='lat' dir='ltr'>lm,</span> <span class='ocrx_word' id='word_1_248' title='bbox 1108 2073 1125 2102; x_wconf 93' lang='grc'><strong>6</strong></span> <span class='ocrx_word' id='word_1_249' title='bbox 1145 2075 1240 2103; x_wconf 62' lang='lat' dir='ltr'>extat</span> <span class='ocrx_word' id='word_1_250' title='bbox 1258 2073 1289 2102; x_wconf 81' lang='lat' dir='ltr'>in</span> <span class='ocrx_word' id='word_1_251' title='bbox 1311 2072 1363 2103; x_wconf 81' lang='lat' dir='ltr'>LA</span> <span class='ocrx_word' id='word_1_252' title='bbox 1383 2072 1494 2103; x_wconf 78' lang='lat' dir='ltr'>Paris.</span> <span class='ocrx_word' id='word_1_253' title='bbox 1518 2073 1603 2102; x_wconf 70' lang='lat'>4408</span> <span class='ocrx_word' id='word_1_254' title='bbox 1632 2071 1709 2112; x_wconf 70' lang='lat' dir='ltr'>Diy.</span> <span class='ocrx_word' id='word_1_255' title='bbox 1732 2073 1787 2109; x_wconf 78' lang='lat'>27,</span> 
     </span>
     <span class='ocr_line' id='line_1_31' title="bbox 356 2122 543 2158; baseline 0 -8"><span class='ocrx_word' id='word_1_256' title='bbox 356 2122 409 2157; x_wconf 73' lang='grc' dir='ltr'>4ο,</span> <span class='ocrx_word' id='word_1_257' title='bbox 432 2122 471 2150; x_wconf 72' lang='grc'>45</span> <span class='ocrx_word' id='word_1_258' title='bbox 486 2127 543 2158; x_wconf 78' lang='lat' dir='ltr'>pr.</span> 
     </span>
    </p>
   </div>
   <div class='ocr_carea' id='block_1_7' title="bbox 355 2253 1792 2705">
    <p class='ocr_par' dir='ltr' id='par_1_8' title="bbox 355 2253 1792 2705">
     <span class='ocr_line' id='line_1_32' title="bbox 452 2253 1790 2294; baseline 0.001 -10"><span class='ocrx_word' id='word_1_259' title='bbox 452 2257 462 2284; x_wconf 84' lang='grc'><strong>4</strong></span> <span class='ocrx_word' id='word_1_260' title='bbox 496 2254 580 2294; x_wconf 76' lang='lat' dir='ltr'>lege]</span> <span class='ocrx_word' id='word_1_261' title='bbox 602 2253 753 2285; x_wconf 81' lang='lat' dir='ltr'>formula</span> <span class='ocrx_word' id='word_1_262' title='bbox 773 2254 947 2293; x_wconf 69' lang='lat' dir='ltr'>Schulte&#39;nq</span> <span class='ocrx_word' id='word_1_263' title='bbox 987 2253 1000 2292; x_wconf 78' lang='grc' dir='ltr'>Η</span> <span class='ocrx_word' id='word_1_264' title='bbox 1053 2256 1069 2284; x_wconf 91' lang='grc'><strong>7</strong></span> <span class='ocrx_word' id='word_1_265' title='bbox 1094 2257 1171 2293; x_wconf 78' lang='lat' dir='ltr'>post</span> <span class='ocrx_word' id='word_1_266' title='bbox 1188 2253 1442 2286; x_wconf 75' lang='lat' dir='ltr'>duodecimum</span> <span class='ocrx_word' id='word_1_267' title='bbox 1462 2254 1790 2293; x_wconf 33' lang='lat' dir='ltr'>Montispessula&#39;nus</span> 
     </span>
     <span class='ocr_line' id='line_1_33' title="bbox 358 2299 1790 2338; baseline -0.002 -5"><span class='ocrx_word' id='word_1_268' title='bbox 358 2302 445 2333; x_wconf 70' lang='lat'>1184</span> <span class='ocrx_word' id='word_1_269' title='bbox 473 2304 503 2332; x_wconf 80' lang='lat' dir='ltr'>et</span> <span class='ocrx_word' id='word_1_270' title='bbox 526 2301 708 2331; x_wconf 60' lang='lat' dir='ltr'>Vaticanus</span> <span class='ocrx_word' id='word_1_271' title='bbox 730 2302 814 2329; x_wconf 76' lang='grc'><strong>4023</strong></span> <span class='ocrx_word' id='word_1_272' title='bbox 842 2300 972 2330; x_wconf 77' lang='lat' dir='ltr'>addunt</span> <span class='ocrx_word' id='word_1_273' title='bbox 998 2299 1102 2331; x_wconf 80' lang='lat' dir='ltr'>habet</span> <span class='ocrx_word' id='word_1_274' title='bbox 1129 2301 1163 2330; x_wconf 90' lang='lat' dir='ltr'>in</span> <span class='ocrx_word' id='word_1_275' title='bbox 1191 2299 1283 2331; x_wconf 87' lang='lat' dir='ltr'>libro</span> <span class='ocrx_word' id='word_1_276' title='bbox 1309 2302 1425 2331; x_wconf 87' lang='lat' dir='ltr'>tutore</span> <span class='ocrx_word' id='word_1_277' title='bbox 1449 2301 1606 2337; x_wconf 82' lang='lat' dir='ltr'>auctore,</span> <span class='ocrx_word' id='word_1_278' title='bbox 1634 2300 1721 2338; x_wconf 80' lang='lat' dir='ltr'>quod</span> <span class='ocrx_word' id='word_1_279' title='bbox 1746 2308 1790 2330; x_wconf 64' lang='lat' dir='ltr'>es:</span> 
     </span>
     <span class='ocr_line' id='line_1_34' title="bbox 355 2345 1791 2388; baseline -0.001 -10"><span class='ocrx_word' id='word_1_280' title='bbox 355 2348 555 2388; x_wconf 71' lang='lat' dir='ltr'>ylosserrzate</span> <span class='ocrx_word' id='word_1_281' title='bbox 578 2347 696 2377; x_wconf 73' lang='lat' dir='ltr'>uenire</span> <span class='ocrx_word' id='word_1_282' title='bbox 721 2347 820 2376; x_wconf 73' lang='lat' dir='ltr'>eciam</span> <span class='ocrx_word' id='word_1_283' title='bbox 846 2346 924 2375; x_wconf 67' lang='lat' dir='ltr'>inde</span> <span class='ocrx_word' id='word_1_284' title='bbox 949 2346 1129 2385; x_wconf 60' lang='lat' dir='ltr'>colligitury</span> <span class='ocrx_word' id='word_1_285' title='bbox 1157 2346 1244 2384; x_wconf 82' lang='lat' dir='ltr'>quod</span> <span class='ocrx_word' id='word_1_286' title='bbox 1269 2346 1318 2376; x_wconf 83' lang='lat' dir='ltr'>illi</span> <span class='ocrx_word' id='word_1_287' title='bbox 1335 2346 1463 2376; x_wconf 77' lang='lat' dir='ltr'>codices</span> <span class='ocrx_word' id='word_1_288' title='bbox 1481 2345 1568 2376; x_wconf 75' lang='lat' dir='ltr'>alias</span> <span class='ocrx_word' id='word_1_289' title='bbox 1584 2353 1652 2376; x_wconf 80' lang='lat' dir='ltr'>non</span> <span class='ocrx_word' id='word_1_290' title='bbox 1670 2345 1791 2376; x_wconf 78' lang='lat' dir='ltr'>habent</span> 
     </span>
     <span class='ocr_line' id='line_1_35' title="bbox 355 2390 1789 2431; baseline -0.001 -7"><span class='ocrx_word' id='word_1_291' title='bbox 355 2395 422 2424; x_wconf 79' lang='lat' dir='ltr'>nisi</span> <span class='ocrx_word' id='word_1_292' title='bbox 442 2393 584 2423; x_wconf 79' lang='lat' dir='ltr'>Paulum</span> <span class='ocrx_word' id='word_1_293' title='bbox 610 2391 875 2430; x_wconf 72' lang='lat' dir='ltr'>U&#39;isiyothorum</span> <span class='ocrx_word' id='word_1_294' title='bbox 914 2391 927 2430; x_wconf 74' lang='grc' dir='ltr'>ΙΙ</span> <span class='ocrx_word' id='word_1_295' title='bbox 978 2393 1011 2420; x_wconf 90' lang='grc'>41</span> <span class='ocrx_word' id='word_1_296' title='bbox 1044 2390 1149 2431; x_wconf 76' lang='lat' dir='ltr'>enim]</span> <span class='ocrx_word' id='word_1_297' title='bbox 1171 2393 1290 2422; x_wconf 86' lang='lat' dir='ltr'>autem</span> <span class='ocrx_word' id='word_1_298' title='bbox 1311 2390 1495 2422; x_wconf 76' lang='lat' dir='ltr'>sichardus</span> <span class='ocrx_word' id='word_1_299' title='bbox 1542 2390 1555 2430; x_wconf 88' lang='grc' dir='ltr'>ΙΙ</span> <span class='ocrx_word' id='word_1_300' title='bbox 1605 2392 1643 2420; x_wconf 91' lang='grc'>43</span> <span class='ocrx_word' id='word_1_301' title='bbox 1671 2391 1789 2422; x_wconf 81' lang='lat' dir='ltr'>accire</span> 
     </span>
     <span class='ocr_line' id='line_1_36' title="bbox 361 2435 1789 2477; baseline -0.002 -7"><span class='ocrx_word' id='word_1_302' title='bbox 361 2438 531 2475; x_wconf 74' lang='lat' dir='ltr'>omacius,</span> <span class='ocrx_word' id='word_1_303' title='bbox 552 2437 644 2469; x_wconf 81' lang='lat' dir='ltr'>scire</span> <span class='ocrx_word' id='word_1_304' title='bbox 663 2436 738 2473; x_wconf 79' lang='lat' dir='ltr'>ML,</span> <span class='ocrx_word' id='word_1_305' title='bbox 765 2435 906 2467; x_wconf 83' lang='lat' dir='ltr'>adscire</span> <span class='ocrx_word' id='word_1_306' title='bbox 924 2437 1003 2467; x_wconf 78' lang='lat' dir='ltr'>dett.</span> <span class='ocrx_word' id='word_1_307' title='bbox 1063 2437 1075 2476; x_wconf 80' lang='grc' dir='ltr'>Η</span> <span class='ocrx_word' id='word_1_308' title='bbox 1131 2439 1170 2467; x_wconf 93' lang='grc'>47</span> <span class='ocrx_word' id='word_1_309' title='bbox 1194 2440 1271 2476; x_wconf 79' lang='lat' dir='ltr'>post</span> <span class='ocrx_word' id='word_1_310' title='bbox 1288 2439 1402 2477; x_wconf 75' lang='lat' dir='ltr'>potest</span> <span class='ocrx_word' id='word_1_311' title='bbox 1418 2436 1592 2467; x_wconf 73' lang='lat' dir='ltr'>rubricam</span> <span class='ocrx_word' id='word_1_312' title='bbox 1609 2435 1652 2467; x_wconf 83' lang='lat' dir='ltr'>dc</span> <span class='ocrx_word' id='word_1_313' title='bbox 1672 2445 1713 2467; x_wconf 90' lang='lat' dir='ltr'>eo</span> <span class='ocrx_word' id='word_1_314' title='bbox 1732 2437 1789 2468; x_wconf 89' lang='lat' dir='ltr'>cui</span> 
     </span>
     <span class='ocr_line' id='line_1_37' title="bbox 357 2481 1788 2522; baseline -0.001 -7"><span class='ocrx_word' id='word_1_315' title='bbox 357 2483 520 2515; x_wconf 76' lang='lat' dir='ltr'>moribus</span> <span class='ocrx_word' id='word_1_316' title='bbox 538 2482 766 2514; x_wconf 82' lang='lat' dir='ltr'>interdicitur</span> <span class='ocrx_word' id='word_1_317' title='bbox 782 2483 845 2513; x_wconf 80' lang='lat' dir='ltr'>ins.</span> <span class='ocrx_word' id='word_1_318' title='bbox 866 2482 994 2513; x_wconf 77' lang='lat' dir='ltr'>codices</span> <span class='ocrx_word' id='word_1_319' title='bbox 1049 2482 1062 2521; x_wconf 83' lang='grc'>11</span> <span class='ocrx_word' id='word_1_320' title='bbox 1118 2484 1149 2513; x_wconf 85' lang='lat' dir='ltr'>et</span> <span class='ocrx_word' id='word_1_321' title='bbox 1170 2482 1264 2522; x_wconf 56' lang='lat' dir='ltr'>Diffi,</span> <span class='ocrx_word' id='word_1_322' title='bbox 1291 2490 1355 2513; x_wconf 86' lang='lat' dir='ltr'>om.</span> <span class='ocrx_word' id='word_1_323' title='bbox 1379 2482 1416 2517; x_wconf 80' lang='lat' dir='ltr'>L,</span> <span class='ocrx_word' id='word_1_324' title='bbox 1444 2482 1483 2512; x_wconf 83' lang='lat' dir='ltr'>de</span> <span class='ocrx_word' id='word_1_325' title='bbox 1500 2481 1524 2512; x_wconf 78' lang='lat' dir='ltr'><strong><em>A</em></strong></span> <span class='ocrx_word' id='word_1_326' title='bbox 1545 2485 1575 2512; x_wconf 84' lang='lat' dir='ltr'>et</span> <span class='ocrx_word' id='word_1_327' title='bbox 1594 2481 1704 2513; x_wconf 79' lang='lat' dir='ltr'>Paris.</span> <span class='ocrx_word' id='word_1_328' title='bbox 1724 2490 1788 2513; x_wconf 78' lang='lat' dir='ltr'>non</span> 
     </span>
     <span class='ocr_line' id='line_1_38' title="bbox 357 2526 1790 2569; baseline -0.002 -8"><span class='ocrx_word' id='word_1_329' title='bbox 357 2532 488 2561; x_wconf 72' lang='lat' dir='ltr'>constat</span> <span class='ocrx_word' id='word_1_330' title='bbox 527 2528 540 2568; x_wconf 81' lang='grc' dir='ltr'>Η</span> <span class='ocrx_word' id='word_1_331' title='bbox 580 2529 640 2569; x_wconf 87' lang='lat' dir='ltr'>qui</span> <span class='ocrx_word' id='word_1_332' title='bbox 659 2528 684 2559; x_wconf 88' lang='lat' dir='ltr'><em>L</em></span> <span class='ocrx_word' id='word_1_333' title='bbox 740 2527 754 2566; x_wconf 82' lang='grc' dir='ltr'>ΙΙ</span> <span class='ocrx_word' id='word_1_334' title='bbox 811 2528 850 2557; x_wconf 86' lang='grc'>48</span> <span class='ocrx_word' id='word_1_335' title='bbox 877 2526 980 2558; x_wconf 89' lang='lat' dir='ltr'>bonis</span> <span class='ocrx_word' id='word_1_336' title='bbox 1003 2528 1090 2562; x_wconf 75' lang='lat' dir='ltr'>(ante</span> <span class='ocrx_word' id='word_1_337' title='bbox 1109 2528 1286 2565; x_wconf 65' lang='lat' dir='ltr'>interdici)</span> <span class='ocrx_word' id='word_1_338' title='bbox 1314 2527 1483 2565; x_wconf 69' lang='lat' dir='ltr'>omacius,</span> <span class='ocrx_word' id='word_1_339' title='bbox 1512 2526 1674 2559; x_wconf 88' lang='lat' dir='ltr'>moribus</span> <span class='ocrx_word' id='word_1_340' title='bbox 1693 2528 1730 2566; x_wconf 90' lang='lat' dir='ltr'>L,</span> <span class='ocrx_word' id='word_1_341' title='bbox 1751 2528 1790 2558; x_wconf 87' lang='lat' dir='ltr'>de</span> 
     </span>
     <span class='ocr_line' id='line_1_39' title="bbox 356 2572 1787 2612; baseline -0.001 -6"><span class='ocrx_word' id='word_1_342' title='bbox 356 2575 382 2606; x_wconf 82' lang='lat' dir='ltr'><strong><em>A</em></strong></span> <span class='ocrx_word' id='word_1_343' title='bbox 402 2578 432 2606; x_wconf 77' lang='lat' dir='ltr'>et</span> <span class='ocrx_word' id='word_1_344' title='bbox 449 2576 560 2606; x_wconf 81' lang='lat' dir='ltr'>Paris.</span> <span class='ocrx_word' id='word_1_345' title='bbox 580 2582 647 2605; x_wconf 72' lang='lat' dir='ltr'>von</span> <span class='ocrx_word' id='word_1_346' title='bbox 664 2576 795 2605; x_wconf 77' lang='lat' dir='ltr'>constat</span> <span class='ocrx_word' id='word_1_347' title='bbox 849 2572 862 2612; x_wconf 87' lang='grc' dir='ltr'>ΙΙ</span> <span class='ocrx_word' id='word_1_348' title='bbox 917 2575 957 2603; x_wconf 78' lang='lat'>20</span> <span class='ocrx_word' id='word_1_349' title='bbox 986 2575 1065 2603; x_wconf 84' lang='lat' dir='ltr'>tuos</span> <span class='ocrx_word' id='word_1_350' title='bbox 1083 2573 1129 2610; x_wconf 89' lang='lat' dir='ltr'>M,</span> <span class='ocrx_word' id='word_1_351' title='bbox 1158 2582 1222 2604; x_wconf 82' lang='lat' dir='ltr'>om.</span> <span class='ocrx_word' id='word_1_352' title='bbox 1245 2574 1268 2604; x_wconf 91' lang='lat' dir='ltr'><em>L</em></span> <span class='ocrx_word' id='word_1_353' title='bbox 1323 2573 1336 2612; x_wconf 82' lang='grc' dir='ltr'>Η</span> <span class='ocrx_word' id='word_1_354' title='bbox 1392 2574 1428 2602; x_wconf 75' lang='lat'>21</span> <span class='ocrx_word' id='word_1_355' title='bbox 1461 2581 1501 2603; x_wconf 87' lang='lat' dir='ltr'>ea</span> <span class='ocrx_word' id='word_1_356' title='bbox 1527 2581 1564 2604; x_wconf 80' lang='lat' dir='ltr'>re</span> <span class='ocrx_word' id='word_1_357' title='bbox 1589 2572 1787 2609; x_wconf 66' lang='lat' dir='ltr'>sichardus,</span> 
     </span>
     <span class='ocr_line' id='line_1_40' title="bbox 358 2617 1792 2659; baseline -0.001 -8"><span class='ocrx_word' id='word_1_358' title='bbox 358 2630 438 2652; x_wconf 83' lang='lat' dir='ltr'>acre</span> <span class='ocrx_word' id='word_1_359' title='bbox 459 2621 503 2655; x_wconf 79' lang='lat' dir='ltr'>M,</span> <span class='ocrx_word' id='word_1_360' title='bbox 533 2629 597 2651; x_wconf 83' lang='lat' dir='ltr'>om.</span> <span class='ocrx_word' id='word_1_361' title='bbox 619 2620 643 2651; x_wconf 95' lang='lat' dir='ltr'><em>L</em></span> <span class='ocrx_word' id='word_1_362' title='bbox 699 2620 712 2659; x_wconf 79' lang='grc' dir='ltr'>ΙΙ</span> <span class='ocrx_word' id='word_1_363' title='bbox 768 2617 783 2659; x_wconf 81' lang='lat'><strong>§</strong></span> <span class='ocrx_word' id='word_1_364' title='bbox 803 2620 819 2648; x_wconf 92' lang='lat'>8</span> <span class='ocrx_word' id='word_1_365' title='bbox 839 2618 1009 2649; x_wconf 78' lang='lat' dir='ltr'>rubricam</span> <span class='ocrx_word' id='word_1_366' title='bbox 1029 2619 1111 2649; x_wconf 83' lang='lat' dir='ltr'>item</span> <span class='ocrx_word' id='word_1_367' title='bbox 1134 2620 1226 2650; x_wconf 61' lang='lat' dir='ltr'>litem</span> <span class='ocrx_word' id='word_1_368' title='bbox 1247 2627 1308 2649; x_wconf 89' lang='lat' dir='ltr'>om.</span> <span class='ocrx_word' id='word_1_369' title='bbox 1334 2618 1368 2657; x_wconf 71' lang='lat' dir='ltr'>L)</span> <span class='ocrx_word' id='word_1_370' title='bbox 1391 2617 1435 2649; x_wconf 83' lang='lat' dir='ltr'>de</span> <span class='ocrx_word' id='word_1_371' title='bbox 1452 2619 1670 2650; x_wconf 84' lang='lat' dir='ltr'>testamentis</span> <span class='ocrx_word' id='word_1_372' title='bbox 1686 2627 1792 2658; x_wconf 82' lang='lat' dir='ltr'>prae-</span> 
     </span>
     <span class='ocr_line' id='line_1_41' title="bbox 356 2664 1077 2705; baseline -0.003 -9"><span class='ocrx_word' id='word_1_373' title='bbox 356 2668 494 2697; x_wconf 79' lang='lat' dir='ltr'>mittunt</span> <span class='ocrx_word' id='word_1_374' title='bbox 511 2667 639 2696; x_wconf 74' lang='lat' dir='ltr'>codices</span> <span class='ocrx_word' id='word_1_375' title='bbox 677 2665 690 2704; x_wconf 79' lang='grc'>11</span> <span class='ocrx_word' id='word_1_376' title='bbox 730 2667 770 2696; x_wconf 79' lang='lat'>27</span> <span class='ocrx_word' id='word_1_377' title='bbox 799 2665 881 2705; x_wconf 83' lang='lat' dir='ltr'>quia</span> <span class='ocrx_word' id='word_1_378' title='bbox 901 2664 937 2700; x_wconf 77' lang='lat' dir='ltr'>L,</span> <span class='ocrx_word' id='word_1_379' title='bbox 959 2664 1019 2704; x_wconf 89' lang='lat' dir='ltr'>qui</span> <span class='ocrx_word' id='word_1_380' title='bbox 1040 2664 1077 2694; x_wconf 83' lang='lat' dir='ltr'><em>M</em></span> 
     </span>
    </p>
   </div>
   <div class='ocr_carea' id='block_1_8' title="bbox 1922 2947 1942 3081">
    <p class='ocr_par' dir='ltr' id='par_1_9' title="bbox 1922 2591 1942 3081">
     <span class='ocr_line' id='line_1_42' title="bbox 1922 2947 1942 3081; baseline 0 0"><span class='ocrx_word' id='word_1_381' title='bbox 1922 2947 1942 3081; x_wconf 41' lang='lat' dir='ltr'>i</span> 
     </span>
    </p>
   </div>
  </div>
 </body>
</html>
