1942 3081
356 105 451 136 Paul.
474 106 514 143 V,
540 108 568 136 1.
591 108 633 136 u
860 128 972 134 ——-
1037 105 1112 145 108
1172 128 1284 134 ——-

298 233 326 270 ”2
354 237 543 282 possunt.
577 232 749 270 Veritati
773 238 811 270 et
835 233 985 284 origini
1011 231 1278 283 ingenuitatis
1300 231 1567 270 manumissio
1589 243 1792 282 quocum-

300 289 324 327 3
354 300 435 339 que
460 287 579 327 modo
600 288 706 328 facta
735 302 817 328 non
839 289 1116 340 praeiudicat.
1180 288 1410 339 Descriptio
1442 289 1715 339 ingenuorum
1739 301 1791 327 ex

353 344 487 384 officio
510 345 595 385 fisci
619 346 729 385 inter
749 345 930 386 fiscalem
952 346 1149 385 familiam
1169 345 1273 385 facta
1296 345 1542 396 ingenuitati
1564 357 1644 383 non
1668 357 1790 397 prae-

301 404 325 442 4
353 402 523 442 iudicat.
578 403 657 450 Qui
680 410 793 442 metu
815 410 856 443 et
879 404 1149 455 impressione
1171 403 1346 442 alicuius
1376 403 1546 441 terroris
1567 401 1680 453 apud
1701 409 1790 442 acta

351 459 561 511 praesidis
591 473 763 499 seruum
785 473 828 500 se
860 473 952 499 esse
985 461 1181 500 mentitus
1204 466 1286 510 est,
1322 466 1464 511 postea
1494 465 1647 498 statum
1669 471 1790 498 suum

299 519 326 556 ὃ
353 515 596 556 defendenti
630 530 712 556 non
741 517 1016 569 praeiudicat.
1082 518 1174 556 Post
1203 524 1443 568 susceptum
1474 516 1649 556 liberale
1680 515 1792 555 iudi—

353 575 463 612 cium
481 575 516 613 si
533 574 723 613 adsertor
741 587 905 614 causam
922 574 1168 623 deseruerit,
1195 575 1237 612 in
1255 574 1381 613 alium
1397 573 1654 613 adsertorem
1671 585 1793 612 omne

353 630 556 670 iudicium
573 631 791 670 transferri
809 632 986 683 placuit:
1014 632 1055 670 in
1073 632 1256 683 priorem
1278 643 1395 681 uero,
1421 630 1532 682 quod
1554 629 1792 682 prodendae

353 687 560 727 libertatis
591 689 722 739 gratia
754 688 908 728 factum
930 695 1013 736 est,
1050 694 1169 728 extra
1190 687 1382 727 ordinem
1410 688 1672 727 uindicatur:
1709 700 1791 726 non

353 747 466 784 enim
488 752 650 796 oportet
671 752 908 797 susceptam
932 752 1063 785 status
1084 757 1252 784 causam
1275 745 1389 784 nulla
1412 751 1584 796 cogente
1607 746 1793 784 necessi-

300 804 326 840 6
353 809 437 840 tate
467 802 656 841 destitui.
719 802 820 841 *Cui
851 803 1080 842 necessitas
1108 801 1314 854 probandi
1346 801 1397 841 de
1429 803 1689 853 ingenuitate
1718 814 1793 841 sua

353 860 458 898 *non
491 859 715 908 incumbit,
753 859 861 899 ultro
893 861 928 898 si
960 861 1050 911 ipse
1081 859 1261 912 probare
1285 858 1520 907 desideret,
1556 858 1794 898 audiendus

301 918 325 954 7
352 918 454 954 ‘³²est.
518 917 597 963 Qui
620 916 671 956 de
695 918 954 968 ingenuitate
976 923 1249 968 cognoscunt,
1277 915 1329 956 de
1352 916 1560 956 calumnia
1582 917 1692 966 eius,
1721 917 1792 967 qui

352 974 536 1012 *temere
554 974 878 1014 controuersiam
901 975 1042 1024 mouit,
1069 973 1121 1013 ad
1143 973 1311 1013 modum
1329 973 1466 1013 exsilii
1487 979 1660 1025 possunt
1683 972 1794 1012 ferre

302 1032 326 1069 8
350 1029 642 1070 *sententiam
705 1033 875 1071 Tutores
896 1031 965 1071 uel
988 1038 1200 1071 curatores
1221 1031 1497 1083 pupillorum,
1530 1042 1706 1082 quorum
1727 1036 1796 1069 tu-

353 1087 503 1127 *telam
537 1095 576 1127 et
611 1101 678 1128 res
708 1088 1133 1139 administrauerunt,
1170 1095 1315 1140 postea
1346 1094 1477 1127 status
1509 1088 1795 1139 quaestionem

301 1148 326 1183 9
351 1144 514 1185 *faeere
538 1158 618 1184 non
642 1153 827 1197 possunt.
882 1146 1052 1185 Maritus
1074 1146 1193 1185 uxori
1214 1144 1438 1197 eidemque
1466 1144 1641 1185 libertae
1664 1150 1795 1185 stat-us

350 1202 662 1253 *quaestionem
686 1203 842 1243 inferre
867 1216 948 1242 non
971 1202 1260 1255 p1·ohibetur.*

1049 1325 1107 1381 [n]

304 1408 320 1446 4
467 1407 653 1447 *Locatio
667 1408 947 1459 uectigalium,
971 1420 1078 1459 quae
1090 1408 1201 1447 calor
1212 1408 1410 1447 licitantis
1427 1408 1537 1446 ultra
1548 1405 1716 1446 modum
1729 1419 1795 1445 so-

352 1464 475 1504 *litae
492 1464 781 1504 conductionis
798 1465 974 1514 inssauit,
997 1466 1052 1505 ita
1070 1464 1238 1504 demum
1256 1464 1516 1504 admittenda
1534 1470 1609 1513 est,
1638 1463 1673 1502 si
1690 1462 1795 1502 fide-

351 1522 560 1561 *iussores
577 1521 748 1561 idoneos
771 1528 811 1561 et
832 1524 1065 1562 cautionem
1088 1523 1123 1561 is
1145 1523 1217 1573 qui
1235 1523 1460 1561 licitatione
1478 1521 1629 1561 uicerit
1645 1521 1795 1560 offerre

302 1581 327 1617 ⁶.)
353 1578 548 1630 *paratus
570 1580 637 1618 sit.
672 1579 736 1618 Ad
758 1578 1078 1619 conducendum
1095 1580 1276 1630 uectigal
1293 1579 1452 1618 inuitus
1475 1591 1595 1617 nemo
1612 1577 1810 1630 compel—-

353 1636 478 1675 *litur
510 1643 549 1675 et
578 1635 671 1676 ideo
708 1636 879 1688 impleto
907 1643 1093 1688 tempore
1125 1636 1413 1676 conductionis
1451 1634 1651 1675 elocanda
1679 1641 1791 1674 sunt.

303 1694 326 1732 3
355 1692 668 1744 *Reliquatores
690 1694 957 1745 uectigalium
978 1693 1031 1733 ad
1059 1693 1292 1733 iterandam
1315 1693 1646 1743 conductionem,
1674 1698 1795 1732 ante-

354 1751 501 1801 *quam
519 1751 722 1802 superiori
741 1750 1003 1790 conductioni
1022 1751 1290 1801 satisfaciant,
1314 1749 1562 1789 admittendi
1579 1762 1662 1788 non
1679 1755 1790 1788 sunt.

303 1809 327 1846 4
354 1807 598 1847 *Debitores
616 1807 702 1846 fisci
719 1808 899 1858 itemque
918 1809 977 1847 rei
996 1807 1186 1859 publicae
1204 1808 1425 1859 uectigalia
1447 1806 1679 1846 conducere
1697 1818 1796 1857 pro-

354 1864 593 1915 *hibentur,
621 1877 673 1903 ne
691 1878 743 1904 ex
759 1865 836 1903 alia
856 1877 977 1904 causa
998 1877 1141 1904 eorum
1160 1864 1301 1904 debita
1319 1871 1565 1903 onerentur:
1593 1864 1672 1902 nisi
1690 1862 1795 1902 forte

355 1921 484 1961 *tales
515 1921 782 1961 fideiussores
811 1921 1060 1972 obtulerint,
1096 1923 1166 1973 qui
1198 1921 1352 1961 debitis
1384 1934 1526 1961 eorum
1557 1919 1794 1960 satisfacere

304 1978 328 2016 5
355 1979 513 2030 *parati
545 1980 642 2018 sint.
694 1979 802 2018 Socii
832 1979 1098 2030 uectigalium
1123 1980 1156 2017 si
1186 1980 1411 2030 separatim
1434 1984 1574 2030 partes
1594 1977 1796 2018 adminis-

355 2036 516 2086 *ιι-ειη,
552 2036 658 2075 alter
689 2035 741 2075 ab
770 2036 900 2075 altero
933 2037 1071 2075 minus
1095 2036 1241 2075 idoneo
1273 2037 1314 2074 in
1337 2049 1380 2075 se
1402 2037 1634 2088 portionem
1654 2041 1794 2075 trans—

305 2094 329 2131 6
356 2092 482 2132 *ferri
502 2095 593 2133 iure
617 2093 844 2133 desiderat.
909 2093 1027 2140 Quod
1050 2093 1192 2132 illicite
1223 2093 1392 2145 publice
1414 2093 1696 2145 priuatimque
1719 2105 1795 2132 ex-

355 2150 518 2190 *actum
549 2156 610 2189 est
634 2164 727 2190 cum
749 2151 880 2190 altero
909 2157 1022 2190 tanto
1045 2152 1178 2202 passis
1208 2151 1405 2190 iniuriam
1429 2149 1681 2189 exsoluitur:
1717 2161 1794 2201 per

1463 2284 1588 2292 wvwv

421 2287 425 2289 —
436 2290 445 2292 Η
453 2286 507 2293 νψκ
515 2286 527 2293 x
535 2286 613 2293 rum.»
620 2286 633 2292 κ
642 2286 656 2292 ω
664 2287 677 2293 ψ
687 2289 695 2292 „
706 2287 717 2292 e
730 2289 737 2292 s
750 2288 757 2293 ,
765 2286 775 2291 x
785 2286 799 2293 κ
807 2286 817 2291 x
826 2286 833 2287 ff
848 2286 885 2292 „a
896 2288 901 2291 t
912 2286 927 2293 κ,
935 2286 970 2292 rs„
980 2286 1344 2293 »xxoexwxmmvvvxae—voe-

452 2359 483 2394 1¹,
506 2357 592 2386 6-9
613 2369 652 2382 =
676 2356 751 2395 Dry.
775 2356 828 2392 40,
851 2358 903 2393 42,
925 2358 965 2386 39
1008 2355 1020 2395 ῃ
1064 2358 1117 2394 m,
1141 2358 1225 2387 4—-9
1246 2369 1287 2382 =
1308 2356 1385 2396 1259.
1407 2357 1461 2392 39,
1485 2356 1514 2391 4,
1535 2357 1552 2384 9

451 2552 491 2580 20
519 2549 621 2590 quae]
643 2558 750 2590 quam
772 2548 926 2580 Gebauer
966 2548 978 2588 Η
1020 2549 1118 2580 calor
1136 2548 1186 2587 ΡΙ,
1207 2548 1326 2580 calore
1347 2546 1386 2578 ΡΞ
1425 2547 1438 2587 Η
1480 2549 1520 2577 24
1547 2548 1719 2580 elocanda
1739 2547 1791 2586 F1,

356 2605 396 2627 ea
417 2595 567 2663 lboeanda
590 2593 629 2626 ΡΖ
680 2595 692 2635 ΙΙ
749 2597 783 2625 3¹
817 2593 1008 2625 transferre
1027 2595 1104 2626 iure
1126 2593 1175 2634 ΡΖ,
1198 2593 1450 2625 transferretur
1468 2593 1522 2632 Fa,
1543 2592 1796 2625 transferretur

354 2651 374 2673 e
398 2642 415 2671 1·

1820 751 1858 779 ⁴0

1823 1037 1862 1066 45

1821 1415 1861 1444 20

1821 1986 1861 2015 30
