1942 3081
257 1978 280 2017 2

329 119 426 151 Paul.
446 120 488 157 v,
509 121 595 150 7-9
833 142 942 147 ,Μ
1009 119 1084 159 118
1145 142 1257 148 -.-

327 243 439 295 quod
461 244 494 283 si
517 245 719 296 scriptum
740 243 867 285 fuerit
884 245 1159 284 instrumento
1180 245 1419 297 promisisse
1440 245 1635 296 aliquem,
1662 258 1766 296 per-

326 300 425 340 inde
457 301 655 352 habetur,
702 307 827 353 atque
859 303 892 341 si
924 303 1244 354 interrogatione
1277 300 1556 354 praecedente
1588 314 1763 353 respon-

325 371 417 397 sum
447 359 513 398 sit.
576 359 645 398 *Si
675 358 755 398 sub
785 371 867 398 una
901 359 1201 411 significatione
1231 359 1412 398 diuersis
1442 358 1684 398 nominibus
1713 371 1760 398 ea

324 415 415 455 *res
445 428 553 468 quae
584 418 626 455 in
658 417 902 468 stipulatum
935 416 1155 456 deducitur
1185 417 1441 469 appellatur,
1475 428 1558 455 non
1580 415 1761 455 infirmat

324 471 655 524 *obligationem,
683 474 717 512 si
740 473 844 513 alter
864 474 994 512 altero
1016 474 1146 513 uerbo
1167 480 1323 513 utatur.
1389 474 1454 524 Si,
1481 473 1553 525 qui
1574 473 1686 512 uiam
1707 473 1759 514 ad
1786 482 1808 511 5

322 528 527 570 *fundum
557 543 680 569 suum
719 530 811 570 dari
842 531 1065 582 stipulatus
1095 531 1245 581 fuerit,
1281 535 1421 583 postea
1452 530 1630 570 fundum
1659 543 1760 582 par-

322 586 485 626 *temue
509 588 598 627 eius
621 594 716 626 ante
739 589 1003 627 constitutam
1024 588 1273 627 seruitutem
1293 588 1553 638 alienauerit,
1581 599 1760 627 euanes—

322 643 403 683 *cit
423 643 680 696 stipulatio.*
737 645 1003 684 Fructuarius
1029 657 1179 683 seruus
1209 646 1242 684 si
1275 644 1378 696 quid
1401 658 1452 684 ex
1474 657 1519 684 re
1541 644 1757 684 fructuarii

321 707 392 740 aut
415 714 467 740 ex
489 702 627 753 operis
649 702 735 740 suis
757 701 963 753 adquIrit,
996 700 1049 741 ad
1070 700 1344 741 fructuarium
1370 702 1567 754 pertinet.
1632 701 1758 753 quid-

322 757 425 809 quid
456 765 596 797 autem
617 757 786 798 aliunde
809 759 879 798 uel
910 772 962 798 ex
984 771 1027 798 re
1057 752 1325 810 proprietarii
1347 758 1554 810 adquirit,
1590 758 1756 798 domino
1785 767 1829 796 io

320 815 591 867 proprietatis
613 814 814 867 adquirit.
880 816 984 855 Cum
1017 814 1121 854 facto
1143 817 1405 867 promissoris
1426 829 1492 855 res
1515 817 1557 854 in
1579 816 1757 868 stipula-

320 879 408 910 tum
431 871 611 911 deducta
634 872 860 923 intercidit,
887 871 1065 925 perinde
1087 873 1152 924 agi
1177 886 1228 912 ex
1249 873 1450 924 stipulatu
1471 879 1626 924 potest,
1654 886 1701 912 ac
1721 874 1754 913 si

320 942 368 967 ea
391 942 457 968 res
480 935 664 968 extaret:
693 929 871 981 ideoque
893 930 1118 982 promissor
1139 931 1424 969 aestimatione
1452 931 1542 969 eius
1563 930 1753 982 punitur,

318 987 497 1026 maxime
520 987 553 1026 si
577 988 619 1026 in
643 986 783 1026 dolum
805 999 970 1039 quoque
994 988 1083 1026 eius
1105 993 1302 1039 concepta
1324 987 1450 1027 fuerit
1471 987 1700 1040 stipulatio.

775 1089 859 1140 [vm
916 1102 965 1128 DE
996 1090 1290 1141 NOVATIONIBVS]
1782 1098 1828 1127 45

430 1169 516 1207 Non
540 1169 670 1208 solum
693 1181 770 1221 per
799 1176 963 1209 nosmet
991 1170 1102 1221 ipsos
1123 1182 1326 1209 nouamus
1349 1169 1459 1221 quod
1480 1169 1600 1209 nobis
1622 1168 1756 1209 debe-

315 1232 404 1276 tur,
439 1225 514 1265 sed
542 1227 665 1265 etiam
687 1239 765 1278 per
787 1239 879 1277 eos,
914 1239 991 1278 per
1013 1239 1116 1278 quos
1138 1227 1330 1278 stipulari
1361 1239 1603 1278 possumus,
1635 1227 1754 1266 uelut

314 1295 391 1334 per
431 1282 556 1322 filiam
588 1282 764 1323 familias
794 1283 864 1323 uel
894 1296 969 1336 per
998 1297 1168 1324 seruum
1198 1283 1381 1323 iubendo
1411 1284 1480 1323 uel
1511 1290 1649 1323 ratum
1676 1284 1753 1323 ha—

312 1338 464 1379 bendo.
529 1346 770 1392 procurator
793 1353 959 1392 quoque
982 1347 1125 1381 noster
1154 1354 1206 1380 ex
1227 1341 1344 1380 iussu
1364 1347 1504 1380 nostro
1536 1348 1751 1393 receptum

313 1402 375 1436 est
397 1403 443 1436 ut
463 1410 617 1437 nouare
639 1398 783 1450 possit.
1778 1406 1823 1434 ac·

760 1501 814 1551 [lx
871 1513 919 1539 DE
953 1501 1302 1551 STIPVLATIONIBVS]

425 1578 686 1618 Substitutus
707 1580 830 1619 heres
857 1579 910 1619 ab
932 1579 1135 1630 instituto,
1161 1580 1232 1631 qui
1255 1579 1334 1619 sub
1356 1578 1596 1619 condicione
1618 1580 1754 1632 scrip-

310 1641 377 1674 tus
400 1642 483 1687 est,
517 1637 680 1676 utiliter
702 1637 783 1676 sibi
805 1638 1042 1676 institutum
1072 1637 1150 1676 hac
1172 1637 1436 1689 stipulatione
1467 1650 1617 1677 cauere
1639 1650 1752 1676 com-

309 1693 446 1744 pellit,
481 1705 533 1732 ne
555 1695 683 1745 petita
704 1694 908 1733 bonorum
930 1695 1191 1745 possessione
1215 1706 1280 1733 res
1313 1694 1590 1733 hereditarias
1612 1693 1748 1734 demi-

309 1755 432 1789 nuat:
469 1750 544 1789 hoc
566 1751 677 1789 enim
700 1764 798 1790 casu
821 1764 873 1790 ex
895 1750 963 1790 die
996 1751 1264 1802 interpositae
1287 1752 1569 1803 stipulationis
1597 1750 1746 1805 duplos
1771 1758 1818 1787 25

308 1805 471 1846 fructus
501 1814 715 1858 praestare
748 1808 1026 1860 compellitur.
1090 1808 1213 1848 huius
1245 1809 1354 1847 enim
1384 1808 1691 1860 praeiudicium
1723 1821 1744 1847 a

308 1865 523 1915 superiore
555 1864 716 1916 differt,
753 1877 834 1917 quo
865 1865 1105 1916 quaeritur,
1149 1878 1200 1904 an
1235 1878 1282 1904 ea
1314 1877 1381 1904 res
1412 1864 1464 1904 de
1497 1878 1578 1916 qua
1609 1866 1748 1917 agitur

307 1920 438 1960 maior
458 1922 511 1960 sit
542 1928 709 1961 centum
732 1923 961 1962 sestertiis:
998 1921 1174 1973 ideoque
1197 1923 1239 1961 in
1260 1922 1488 1974 longiorem
1511 1921 1622 1961 diem
1646 1935 1747 1961 con-

306 1977 473 2029 cipitur.
538 1979 599 2017 Ex
630 1979 697 2018 die
728 1980 886 2031 accepti
918 1978 1061 2019 iudicii
1094 1978 1212 2031 dupli
1244 1979 1402 2019 fructus
1432 1985 1737 2031 computantur.

306 2040 347 2073 et
386 2040 469 2074 tam
509 2034 656 2076 dantes
694 2049 818 2088 quam
850 2037 1124 2088 accipientes,
1168 2036 1343 2076 heredes
1380 2048 1546 2088 quoque
1579 2050 1737 2086 eorum,
1769 2043 1814 2074 30

303 2098 591 2142 procuratores
631 2094 974 2145 cognitorumque
1020 2106 1244 2145 personae,
1295 2094 1480 2146 itemque
1519 2106 1741 2146 sponsores

306 2147 450 2188 eadem
479 2150 746 2201 stipulatione
778 2150 1213 2202 comprehenduntur:
1249 2163 1392 2191 eorum
1414 2163 1600 2202 quoque,
1637 2163 1743 2203 quo-

1346 2229 1535 2237 mmms
1538 2230 1590 2238 rm

963 2230 1047 2238 Nms
1050 2230 1158 2238 „sm

324 2228 343 2234 Λ
348 2228 370 2234 »μ
377 2229 407 2236 nr
417 2230 422 2233 ι
427 2228 475 2236 »[,κ
481 2229 489 2235 2
501 2229 517 2235 Λ
522 2229 660 2236 «Ὢ-ΝἈμι
666 2230 836 2237 fisssxsssm

395 2265 426 2303 7,
449 2266 496 2295 22.
519 2261 558 2295 2¹³
576 2276 617 2291 =
637 2264 715 2304 Diy.
737 2266 792 2303 45,
813 2267 844 2301 ⁴,
868 2266 929 2295 436

303 2331 342 2337 „A
351 2330 670 2339 «fflmrmrxsxffisw-„xfe
679 2332 819 2339 ,war-sl„
826 2334 833 2339 χ
842 2332 887 2338 «tv
895 2332 1038 2339 «fflsw<›.fxr«

397 2379 408 2407 4
438 2377 588 2418 perinde
606 2377 701 2416 dett,
723 2377 872 2418 proinde
891 2378 929 2415 L,
950 2379 1011 2409 aut
1028 2378 1111 2410 inde
1130 2378 1168 2410 M
1204 2377 1218 2417 ΙΙ
1258 2380 1276 2408 9
1303 2377 1467 2418 adquiret
1485 2377 1510 2409 L
1550 2376 1564 2417 ll
1607 2380 1646 2408 40
1672 2377 1740 2410 ad·-

302 2423 411 2463 quirit
427 2423 522 2461 dett„
544 2423 708 2464 adquiret
726 2423 789 2454 ML
830 2423 842 2462 ΙΙ
893 2425 927 2454 44
951 2423 1117 2464 adquiret
1134 2424 1215 2455 MaL
1263 2423 1275 2463 ΙΙ
1327 2424 1365 2454 44
1386 2424 1558 2464 concepta
1576 2423 1615 2461 L,
1636 2426 1737 2464 gratu

302 2468 340 2499 M
385 2468 398 2508 ΙΙ
447 2470 486 2499 20
515 2477 649 2500 nouare
668 2469 763 2506 dett„
784 2469 908 2500 nouari
929 2469 991 2500 ML
1040 2469 1053 2510 11
1101 2472 1137 2500 24
1163 2469 1206 2501 de
1225 2470 1304 2510 stip.
1326 2469 1514 2510 praetoriis
1536 2468 1694 2500 Cuiacius
1725 2467 1738 2511 Η

300 2516 342 2544 28
371 2515 571 2555 concipitur
600 2513 779 2553 Cuiacius‚
814 2515 972 2556 concipit
997 2515 1051 2553 M,
1088 2515 1253 2556 concepit
1277 2515 1302 2546 L
1366 2513 1378 2554 l}
1443 2517 1482 2545 30
1510 2513 1636 2546 dantes
1665 2538 1700 2546 ..
1724 2539 1732 2547 .

302 2560 341 2589 32
361 2560 527 2601 quorum]
547 2560 665 2591 dantis
682 2568 788 2600 quam
806 2560 1016 2601 accipientis
1037 2561 1258 2602 (accipientis
1276 2560 1319 2592 La
1329 2559 1356 2600 7)
1379 2559 1541 2599 heredes,
1561 2569 1738 2601 procura-

299 2606 417 2636 torum
443 2615 585 2647 quoque
612 2614 735 2637 eorum
762 2614 864 2646 cogn.
886 2614 980 2647 pers.
1002 2606 1126 2638 eadem
1153 2607 1233 2647 stip.
1262 2614 1414 2647 compr.,
1442 2605 1598 2646 itemque
1624 2614 1740 2648 spon-

297 2658 397 2682 sores
415 2659 553 2691 eorum,
573 2660 727 2692 quorum
745 2660 811 2683 scr.

1438 2332 1513 2339 xxx-fm-
1531 2333 1535 2336 -
1542 2332 1663 2339 mm
1673 2332 1739 2340 «mv

1172 2332 1203 2339 «Λ
1210 2332 1263 2339 »xxxin
