1942 3081
310 100 408 132 Paul.
431 101 474 139 ll,
497 102 534 130 »17
829 122 943 127 —-
1003 99 1054 140 68
1115 121 1227 127 —.

311 226 400 265 eius
430 224 541 276 quod
574 225 772 264 mentitus
801 232 862 264 est
885 224 1016 264 officio
1038 224 1195 264 iudicis
1216 225 1499 263 aestimatione
1521 222 1625 262 facta
1647 236 1748 262 con—

260 283 282 320 5
309 283 495 322 uenitur.
551 281 788 322 Redhibitio
817 282 956 321 uitiosi
987 282 1181 333 mancipii
1214 283 1321 320 intra
1352 294 1427 320 sex
1455 293 1621 320 menses
1654 281 1744 320 fieri

262 341 283 378 6
310 346 447 391 potest
467 346 635 392 propter
665 340 798 379 latens
819 340 982 378 uitium.
1039 339 1078 378 Si
1101 346 1146 378 ut
1177 352 1345 378 seruum
1370 339 1465 390 quis
1485 338 1618 389 pluris
1638 350 1746 377 uen-

310 397 444 447 deret,
471 396 523 436 de
544 396 710 435 artificio
730 397 820 435 eius
837 396 904 436 uel
927 395 978 435 de
1000 396 1163 447 peculio
1187 397 1387 434 mentitus
1409 402 1486 444 est,
1512 395 1671 434 actione
1694 407 1746 433 ex

312 460 450 505 empto
473 461 703 493 conuentus
725 460 879 504 quanto
910 454 1082 492 minoris
1105 453 1306 492 ualuisset
1337 453 1511 504 emptori
1534 458 1744 503 praestare

262 511 284 549 7
311 511 588 563 compellitur,
616 511 696 549 nisi
718 518 886 562 paratus
907 511 961 549 sit
983 523 1079 549 eum
1101 510 1341 549 redhibere.
1396 510 1457 548 Ex
1478 509 1545 549 die
1569 509 1746 560 emptio-

311 569 398 619 nis,
435 568 481 618 [si
506 580 600 619 pars
631 568 757 619 pretii
778 574 995 606 numerata
1017 565 1100 618 sit‚]
1129 574 1169 605 et
1191 567 1351 606 fruetus
1372 573 1413 606 et
1435 579 1584 618 operae
1606 578 1747 604 seruo-

312 638 399 663 rum
424 632 465 664 et
486 625 594 663 fetus
616 637 813 675 pecorum
837 630 877 662 et
894 624 1136 663 ancillarum
1159 631 1302 674 partus
1324 623 1376 662 ad
1397 630 1625 675 emptorem
1646 635 1747 674 per-

261 683 284 720 8
309 683 458 721 tinent.
521 680 710 720 Fundum
742 681 925 719 alienum
957 681 1059 719 mihi
1090 680 1345 719 uendidisti:
1381 687 1522 732 postea
1553 679 1663 719 idem
1695 692 1745 718 ex

310 752 432 778 causa
465 739 667 778 lucratiua
690 750 807 776 meus
836 737 967 777 factus
990 744 1074 776 est:
1109 738 1306 788 competit
1329 737 1429 775 mihi
1456 736 1681 776 aduersum
1705 744 1744 775 te

262 798 284 834 9
310 796 364 835 ad
384 796 566 847 pretium
597 794 931 847 recuperandum
959 795 1065 833 actio
1098 806 1149 832 ex
1171 802 1323 846 empto.
1379 795 1471 832 Post
1499 806 1587 832 rem
1616 793 1749 832 tradi-

312 860 393 892 tam
416 853 498 891 nisi
529 858 691 903 emptor
720 853 899 903 pretium
931 852 1068 890 statim
1092 852 1300 898 exsoluat,
1338 863 1486 890 usuras
1512 852 1602 889 eius
1624 863 1748 902 prae-

241 911 283 948 10
311 917 421 949 stare
453 909 664 961 cogendus
687 915 763 947 est.
816 909 952 948 Mutus
983 921 1121 948 emere
1144 915 1185 947 et
1215 907 1402 947 uendere
1424 913 1583 959 potest:
1619 907 1748 946 furio-

241 968 277 1005 11
311 980 381 1006 sus
408 973 547 1006 autem
570 978 709 1017 neque
734 965 920 1005 uendere
943 978 1084 1017 neque
1108 978 1248 1004 emere
1270 971 1419 1017 potest.
1454 965 1612 1004 Seruus
1639 963 1748 1003 bona

313 1023 393 1063 fide
423 1030 686 1075 comparatus
714 1024 748 1062 si
779 1036 830 1062 ex
858 1024 991 1062 ueteri
1023 1024 1125 1061 uitio
1147 1021 1323 1074 fugerit,
1361 1035 1442 1061 non
1465 1028 1626 1061 tantum
1647 1034 1747 1073 pre-

313 1082 415 1120 tium
447 1080 663 1131 dominus,
707 1080 780 1119 sed
809 1085 843 1119 el
872 1092 918 1119 ea
949 1092 1055 1130 quae
1085 1092 1163 1131 per
1192 1078 1329 1131 fugam
1357 1078 1530 1118 abstulit
1570 1077 1747 1117 reddere

178 1140 192 1177 l
205 1138 303 1191 1,ᾙ3ᾗι
314 1139 488 1189 cogitur.
544 1138 644 1177 Cum
673 1137 860 1189 probatio
883 1137 1030 1188 prioris
1052 1136 1173 1188 fugae
1196 1136 1410 1187 defecerit,
1435 1137 1549 1175 serui
1573 1148 1748 1188 respon-

314 1196 418 1234 sioni
442 1194 699 1234 credendum
725 1201 806 1233 est:
833 1195 875 1232 in
897 1206 941 1233 se
961 1195 1072 1232 enim
1096 1194 1355 1245 interrogari7
1382 1206 1463 1232 non
1486 1205 1559 1244 pro
1581 1192 1748 1232 domino

180 1253 386 1305 l3il4jaaut
408 1253 450 1291 in
473 1251 683 1291 dominum
715 1251 897 1291 uidetur.
953 1251 996 1289 In
1020 1263 1066 1289 eo
1089 1257 1323 1300 contractu,
1359 1251 1430 1302 qui
1455 1263 1506 1289 ex
1536 1250 1644 1289 bona
1666 1249 1748 1288 fide

314 1308 552 1359 descendit,
581 1310 949 1348 instrumentorum
972 1307 1124 1346 oblatio
1153 1309 1241 1347 sine
1265 1321 1387 1347 causa
1410 1306 1688 1356 desideratur,
1715 1307 1748 1345 si

223 1368 292 1405 13ξι
314 1379 394 1418 quo
426 1365 545 1405 modo
569 1367 720 1405 ueritas
741 1366 793 1405 de
824 1365 904 1404 fide
926 1371 1162 1404 contractus
1188 1366 1314 1416 possit
1336 1363 1513 1404 ostendi.
1564 1364 1749 1403 *Instru-

313 1428 573 1462 *mentorum
595 1424 761 1462 nomine
793 1436 839 1462 eu
861 1423 998 1460 omnia
1030 1421 1271 1473 accipienda
1295 1429 1413 1471 sunt,
1448 1420 1603 1473 quibus
1625 1433 1750 1460 causa

312 1481 486 1519 *instrui
512 1487 667 1531 potest:
695 1486 735 1518 et
757 1479 849 1518 ideo
871 1485 953 1517 tam
976 1479 1210 1518 testimonia
1229 1491 1352 1530 quam
1375 1491 1575 1530 personae
1592 1478 1750 1517 instru—

179 1537 573 1589 44515)*mentorum
596 1538 681 1576 loco
705 1536 954 1576 habenturj*r
1003 1535 1172 1575 Fundus
1195 1536 1286 1574 eius
1308 1548 1399 1574 esse
1421 1534 1606 1584 uidetur,
1631 1535 1749 1574 cuius

314 1596 479 1633 nomine
502 1600 764 1646 comparatus
787 1601 869 1644 est,
902 1605 983 1631 non
1007 1607 1029 1631 a
1051 1606 1132 1644 quo
1154 1594 1331 1645 pecunia
1363 1599 1579 1631 numerata
1602 1598 1686 1641 est,
1713 1592 1747 1630 si

180 1651 259 1703 151]
273 1652 445 1703 Estamen
468 1650 624 1690 fundus
646 1650 918 1702 comparatori
942 1650 994 1688 sit
1015 1650 1206 1689 traditus.
1261 1649 1521 1689 *Heredibus
1547 1648 1749 1688 debitoris

312 1707 541 1748 *aduersus
582 1708 850 1755 creditorem,
895 1707 966 1758 qui
1006 1707 1180 1758 pignora
1216 1708 1283 1746 uel
1326 1706 1498 1745 fiducias
1537 1705 1744 1756 distraxit,

313 1766 449 1804 “nulla
473 1766 576 1804 actio
599 1764 744 1816 datur,
772 1766 850 1803 nisi
874 1777 895 1803 a
917 1769 1114 1802 testatore
1136 1765 1321 1802 inchoata
1343 1763 1395 1802 ad
1418 1776 1486 1802 eos
1507 1763 1750 1802 transmissa

410 1995 461 2029 17,
486 1995 543 2023 ¹3³
561 2005 602 2018 =
623 1992 699 2031 Diy.
721 1994 776 2027 22,
799 1993 862 2028 6,1
903 1992 916 2031 ΙΙ
950 1994 1064 2030 17,15
1086 2005 1126 2018 =
1150 1991 1356 2023 Consultatio
1377 1993 1406 2026 6,
1429 1994 1445 2021 8

882 2117 886 2119 ⁴
900 2118 904 2121 ‹
921 2116 1078 2124 affusus«
1090 2116 1113 2123 fs
1138 2116 1155 2121 π
1173 2116 1183 2121 ι’
1200 2116 1204 2117 ⁷
1222 2116 1225 2117 ⁷
1292 2119 1295 2121 >
1341 2116 1365 2123 f„
1384 2117 1407 2122 s.
1453 2116 1494 2123 xlv
1509 2115 1750 2124 sss-‘JNMVW

414 2222 424 2248 1
457 2219 574 2250 officio
601 2219 637 2257 L,
666 2219 709 2249 de
737 2218 842 2249 modo
869 2218 902 2249 id
929 2222 981 2249 est
1005 2219 1048 2250 de
1074 2220 1187 2260 spatio
1214 2220 1250 2250 M
1288 2219 1301 2258 11
1342 2222 1358 2250 3
1386 2220 1514 2251 uitium
1540 2220 1634 2250 dett..
1661 2219 1749 2249 uitio

321 2267 383 2297 ML
424 2265 436 2303 11
478 2267 493 2293 7
523 2266 550 2295 si
571 2266 724 2305 pretium
744 2267 967 2295 numeratum
988 2265 1030 2295 sit
1055 2265 1253 2295 Vesontinus
1271 2268 1352 2296 teste.
1373 2265 1510 2296 Cuiacio
1531 2265 1669 2295 Obseru.
1692 2266 1746 2298 21,

324 2315 377 2342 15·,
410 2310 562 2341 Huschke
587 2311 646 2341 hoc
670 2318 811 2347 comma,
839 2311 926 2348 quod
950 2311 993 2340 ad
1012 2312 1177 2349 reliquum
1194 2311 1294 2341 huius
1311 2311 1495 2341 sententiae
1511 2312 1751 2349 argumentum

320 2366 383 2388 non
401 2357 548 2395 quadrat
568 2356 621 2395 [cf.
641 2365 674 2386 u.
695 2364 728 2395 9.
751 2355 827 2395 [πρ.
850 2357 902 2393 19,
925 2358 955 2393 1,
980 2359 1015 2386 13
1038 2354 1071 2396 §§
1089 2358 1139 2386 to.
1161 2359 1211 2386 13.
1239 2358 1287 2391 18,
1307 2358 1337 2392 6,
1356 2357 1472 2394 7pr.)‚
1488 2358 1563 2394 post
1579 2357 1617 2384 10
1634 2353 1750 2385 sactus

321 2405 371 2434 est
389 2403 599 2440 transposuit
639 2400 652 2440 ΙΙ
692 2409 882 2432 seruorum
904 2400 1074 2439 Cuiaciu&
1107 2402 1183 2433 eius
1201 2402 1329 2432 codices
1368 2402 1381 2441 ll
1424 2403 1461 2431 10
1489 2402 1653 2441 competet
1672 2400 1707 2431 M

327 2452 356 2479 11
389 2448 433 2479 ad
451 2456 515 2478 om.
536 2448 664 2478 codices
703 2447 716 2485 11
758 2447 795 2476 vtls
823 2445 916 2477 bona
943 2446 1010 2477 fide
1036 2448 1132 2485 (κω,
1159 2446 1276 2478 honus
1300 2446 1368 2477 fide
1394 2447 1432 2484 L,
1461 2446 1576 2477 bonus
1601 2445 1645 2477 de
1664 2446 1700 2476 M

327 2496 362 2524 16
389 2492 568 2532 dominus]
596 2496 750 2531 expectes
775 2491 872 2532 prior
897 2491 1064 2523 dominus
1092 2493 1144 2523 uel
1168 2491 1333 2523 uenditor
1373 2491 1385 2530 Η
1427 2493 1459 2522 et
1483 2500 1547 2522 om.
1573 2492 1700 2522 codices
1746 2487 1750 2532 Ι

322 2549 384 2580 per
401 2540 495 2576 (leit.⁷
517 2539 551 2568 in
572 2538 633 2568 ML
673 2537 686 2577 11
730 2539 767 2567 17
789 2537 926 2575 cogitur
943 2537 980 2575 L,
1003 2539 1148 2577 cogetur
1167 2538 1203 2568 Μ
1242 2537 1255 2577 Η
1298 2540 1336 2567 19
1358 2538 1391 2567 in
1411 2537 1556 2568 domino
1575 2537 1703 2568 codices
1745 2533 1750 2577 Ι

323 2588 361 2615 20
389 2584 520 2615 oblatio
551 2584 720 2621 omacius,
749 2582 917 2623 obligatio
943 2584 1071 2613 codices
1109 2582 1123 2622 ll
1167 2583 1392 2614 desideratur
1418 2582 1454 2620 L,
1483 2582 1750 2614 demonstratur

322 2631 357 2661 M
397 2631 411 2670 ll
452 2632 486 2660 21
519 2630 648 2660 ueritas
671 2628 839 2663 Cue'acius,
860 2628 1027 2659 uoluntas
1043 2630 1171 2660 codices

1774 745 1814 772 to

1775 1031 1814 1059 ⁴5

1775 1314 1815 1343 20

1774 1599 1814 1628 25
