1966 3081
669 222 782 228 —-
847 201 891 238 Π
956 223 1064 227 „aa
1372 202 1588 243 vtpstmss

162 328 259 378 xipse
293 327 403 365 enim
435 332 546 365 tutor
569 326 609 363 in
639 337 725 363 rem
758 337 875 363 suam
906 330 1048 363 auc-tor
1081 324 1168 363 fieri
1202 339 1282 364 non
1305 331 1481 377 potest),
1517 329 1588 379 qui

155 384 382 435 praetorius
404 390 515 422 tutor
532 381 698 431 dicitur,
725 382 822 432 quia
845 394 870 419 (ι
892 387 1081 432 praetore
1099 381 1219 420 urbis
1241 382 1330 421 dari
1355 385 1585 423 consueuit.

74 441 124 479 '25
267 441 518 492 Pupillorum
551 439 890 490 pupillarumque
922 444 1079 477 tutores
1111 445 1152 477 01
1181 441 1344 491 negotia
1377 448 1526 489 gerunt
1550 448 1589 480 01

152 498 436 537 auctoritatem
457 497 727 546 interponunt
746 509 752 533 :
780 495 1002 534 mulierum
1026 501 1163 534 autem
1186 502 1346 535 tutores
1367 498 1590 535 auctorita-

74 557 125 594 ‘26
154 562 234 594 tom
265 553 477 592 dumtaxat
517 555 801 604 interponunt.
855 553 896 591 Si
929 553 1072 603 plures
1102 559 1199 591 sunt
1234 560 1414 603 tutores,
1449 566 1589 593 omncs

154 613 194 650 in
217 611 328 649 omni
352 623 393 649 re
417 609 569 648 ‹lebcnt
593 610 873 648 auctoritatem
905 608 1215 648 accommodare
1240 618 1406 662 praeter
1428 624 1496 650 cos
1518 613 1588 662 qui

118 685 120 687 ·
155 672 382 707 testamento
406 667 491 705 dati
514 673 628 706 sunt:
655 679 750 705 nam
775 679 826 705 ex
849 666 912 705 his
935 667 1002 706 uel
1026 667 1152 705 unius
1173 668 1395 707 auctoritas
1417 667 1585 707 sufficit.

76 727 125 765 27
265 725 426 763 Tutoris
457 724 680 763 auctoritas
706 723 943 763 neccssaria
974 730 1036 762 est
1068 723 1314 763 mulieribus
1345 724 1516 776 quidem
1548 725 1587 763 in

151 781 215 819 his
239 780 387 820 rebus:
423 782 455 819 si
481 782 569 831 lege
601 787 669 819 aut
694 781 877 831 legitimo
911 780 1062 819 iudicio
1085 788 1228 831 agant,
1264 782 1297 820 si
1321 795 1365 821 sc
1388 781 1585 833 obligent,

149 838 183 877 si
213 838 336 876 ciuile
359 840 570 889 negotium
594 846 752 889 gerant7
779 840 812 876 si
836 837 1011 877 libertae
1033 850 1131 877 suae
1160 840 1403 889 permittant
1427 839 1468 877 in
1492 852 1590 878 con—

149 894 345 934 tubernio
368 895 492 934 alieni
515 895 628 934 serui
651 895 814 944 morari,
841 895 874 933 si
900 907 985 933 rem
1006 891 1206 946 mancipii
1226 895 1424 935 alienent.
1451 896 1590 948 pupil—

150 953 199 991 lis
215 958 355 991 autem
373 952 447 990 hoc
464 952 643 1004 amplius
665 952 789 991 etiam
808 952 848 990 in
870 964 1009 991 rerum
1028 965 1103 991 nec
1121 953 1317 1004 mancipii
1341 953 1588 992 alienatione

148 1010 298 1048 tutoris
320 1010 559 1048 auctoritate
581 1021 684 1060 opus
707 1015 782 1048 est.

72 1065 123 1103 028
264 1065 513 1105 Liberantur
543 1066 671 1105 tutela
702 1066 874 1104 masculi
908 1065 1079 1116 quidem
1110 1065 1348 1117 pubertate.
1384 1065 1586 1117 puberem

150 1130 288 1162 autem
312 1123 494 1162 Cassiani
518 1122 687 1174 quidem
719 1135 814 1161 eum
838 1135 927 1161 esse
950 1122 1110 1161 dicunt.
1137 1125 1208 1173 qui
1232 1123 1379 1162 habitu
1401 1125 1585 1175 corporis

149 1179 283 1231 pubes
305 1187 491 1231 apparet,
519 1180 560 1218 id
583 1186 645 1218 est
666 1180 738 1230 qui
762 1191 958 1230 generare
982 1180 1132 1230 possit:
1170 1180 1425 1219 Proculeiani
1448 1188 1586 1219 autem

151 1250 266 1287 eum,
293 1237 365 1288 qui
389 1236 721 1288 quattuordecim
744 1249 874 1275 annos
897 1237 1103 1287 expleuit:
1139 1249 1287 1276 uerum
1310 1238 1472 1276 Priscus
1495 1250 1585 1277 eum

152 1293 351 1344 puberem
377 1306 491 1342 esse.7
531 1295 571 1332 in
595 1306 721 1345 quem
752 1300 979 1344 utrumque
1004 1295 1215 1333 concurrit
1239 1300 1278 1333 01
1308 1293 1474 1333 habitus
1497 1307 1587 1333 cor-

150 1352 260 1401 poris
289 1357 329 1389 et
359 1363 561 1390 numerus
590 1363 809 1390 annorum.
860 1350 1039 1389 feminae
1070 1358 1208 1390 autem
1240 1352 1370 1390 tutela
1401 1351 1587 1391 liberan—

150 1414 215 1447 tur
240 1438 247 1446 .
278 1438 285 1445 .
315 1438 323 1446 .
356 1438 363 1445 .

632 1533 697 1584 [xu
751 1545 799 1570 DE
831 1532 1102 1584 cvnnonmvs]

107 1615 113 1648 t
264 1612 482 1651 Curatores
504 1619 573 1650 aut
598 1613 770 1663 legitimi
795 1620 906 1654 511111,
935 1611 975 1650 id
998 1619 1059 1650 est
1082 1613 1155 1663 qui
1179 1625 1229 1650 ex
1253 1613 1341 1664 lege
1366 1612 1583 1652 duodecim

151 1669 382 1708 tabularum
415 1669 589 1718 dantur⁷
616 1676 683 1708 3111
709 1669 942 1719 honorarii,
980 1668 1021 1707 id
1045 1676 1105 1707 051
1128 1670 1199 1720 qui
1223 1683 1243 1707 a
1273 1676 1462 1720 praetore
1485 1683 1584 1709 con—

98 1726 121 1764 2
148 1727 393 1766 51111111111111.
439 1728 517 1764 Lex
542 1725 759 1765 duodecim
791 1726 1028 1765 tabularum
1050 1725 1254 1765 furiosum
1279 1727 1464 1778 itemque
1486 1740 1585 1779 pro-

148 1783 314 1835 digum,
351 1784 417 1822 0111
446 1783 568 1822 1101115
600 1783 869 1822 interdictum
903 1790 986 1833 est,
1028 1783 1069 1821 in
1101 1784 1314 1822 curatione
1344 1783 1458 1822 iubet
1493 1796 1582 1823 esse

97 1840 119 1877 3
148 1847 404 1891 agnatorum.
439 1839 473 1879 A
493 1847 683 1891 praetore
707 1841 973 1879 constituitur
995 1847 1174 1886 cui-aton
1203 1852 1327 1891 quem
1351 1841 1438 1892 ipse
1462 1853 1584 1892 prae.-

146 1905 211 1936 101
238 1898 440 1948 1101110111,
482 1897 693 1936 libertinis
728 1897 915 1949 prodigis
952 1897 1135 1948 itemque
1174 1898 1389 1948 ingenuis,
1431 1899 1503 1949 qui
1535 1911 1586 1937 ex

147 1961 394 1993 testamento
423 1955 609 2006 parentis
646 1954 823 1993 heredes
854 1955 946 1993 facti
977 1954 1082 1993 male
1115 1953 1316 2005 dissipant
1349 1954 1478 1994 bona:
1520 1956 1585 1994 his

149 2012 258 2050 enim
283 2024 334 2050 ex
356 2013 447 2063 lege
470 2018 634 2051 curator
650 2011 737 2050 dari
761 2024 841 2050 non
863 2017 1039 2063 poterat⁷
1066 2024 1160 2051 cum
1184 2011 1391 2063 ingenuus
1414 2011 1584 2064 quidem

149 2081 230 2106 non
262 2068 314 2107 ab
346 2069 558 2116 intestato,
594 2068 668 2107 sed
699 2081 748 2107 ex
780 2075 1026 2107 testamento
1059 2069 1182 2107 heres
1213 2067 1344 2108 factus
1376 2070 1429 2108 sit
1457 2070 1578 2120 patri,

148 2125 368 2164 libertinus
399 2132 537 2164 autem
559 2126 672 2164 nullo
695 2125 814 2164 modo
836 2127 942 2177 patri
978 2126 1099 2164 heres
1123 2126 1214 2164 fieri
1237 2127 1387 2177 possit,
1414 2126 1485 2177 qui
1508 2139 1584 2166 nec

148 2188 309 2233 patrem
346 2181 540 2221 habuisse
577 2183 767 2232 uidetur,
809 2195 902 2221 011111
938 2183 1106 2221 seruilis
1143 2184 1328 2234 cognatio
1364 2184 1476 2222 nulla
1514 2185 1579 2223 sit.

99 2239 120 2277 4
149 2240 363 2278 Praeterea
395 2238 461 2277 dat
496 2246 725 2278 curatorem
764 2240 802 2278 ei
830 2240 978 2289 etiam,
1018 2240 1088 2291 qui
1119 2253 1256 2292 nuper
1287 2240 1420 2291 pubes
1453 2240 1585 2280 factus

148 2295 298 2335 idonee
320 2298 481 2347 negotia
506 2309 577 2335 sua
600 2298 709 2336 tueri
731 2309 813 2335 non
835 2303 984 2348 potest.

288 2422 385 2428 ,erudx
482 2423 500 2428 ⁷>
640 2422 644 2423 γ
729 2424 731 2426 .
810 2422 839 2427 *⁷
869 2422 874 2423 ν
911 2422 934 2423 ⁷⁷
986 2422 1055 2428 *⁷2
1098 2426 1102 2428 1
1137 2423 1157 2425 rr
1280 2423 1313 2429 ν,
1367 2424 1376 2429 *⁷
1408 2424 1412 2427 e
1471 2421 1583 2430 *vxxx*

239 2504 257 2532 2
284 2502 533 2542 praetorianus
556 2501 591 2539 C,
613 2501 655 2541 cf.
681 2501 756 2533 Gai.
779 2505 809 2537 11,
832 2504 895 2533 184
930 2500 942 2544 ΙΙ
978 2511 997 2533 3
1016 2510 1080 2533 om.
1104 2500 1128 2533 C
1166 2499 1178 2544 ΙΙ
1217 2501 1355 2533 urbano
1376 2501 1535 2541 Schillinq
1572 2499 1585 2542 ΙΙ

149 2549 167 2577 6
194 2548 404 2579 auctoritate
423 2546 448 2579 0
477 2545 490 2589 ΙΙ
523 2549 539 2577 7
562 2549 773 2578 testamento
792 2546 963 2585 (lutacius,
985 2550 1069 2579 tunc
1088 2547 1113 2580 C
1142 2545 1154 2589 ΙΙ
1187 2550 1203 2577 8
1225 2548 1451 2578 auctoritas*
1477 2546 1575 2585 (estfi’)

149 2601 226 2624 nec.
251 2592 293 2624 Ca
327 2591 339 2635 ΙΙ
375 2595 409 2623 Η
442 2593 623 2633 mancipia
645 2592 670 2624 C
703 2589 715 2634 ΙΙ
754 2595 791 2623 13
819 2594 1066 2625 auctoritatem
1089 2592 1113 2625 0
1147 2591 1160 2634 ΙΙ
1197 2595 1234 2623 17
1261 2592 1401 2631 uerum]
1422 2593 1580 2623 meratius

149 2637 245 2678 Huyo
279 2635 292 2680 ΙΙ
327 2638 422 2678 eum]
443 2647 525 2669 cum
547 2637 572 2670 0
605 2636 617 2680 ΙΙ
656 2640 694 2668 18
721 2638 809 2678 0550]
831 2647 907 2670 0550
926 2641 1027 2680 putat
1046 2639 1169 2670 Vahlen
1201 2636 1214 2680 Η
1249 2640 1289 2668 20
1316 2638 1518 2669 sententiam
1535 2646 1580 2669 ea:

152 2682 236 2714 Gaio
255 2687 287 2721 1,
309 2687 370 2715 {94
390 2684 542 2723 eaepleas,
563 2684 606 2723 cf.
626 2684 719 2723 infra
737 2687 792 2722 29,
811 2687 834 2715 5
871 2682 883 2726 ΙΙ
923 2687 964 2715 26
982 2686 1183 2725 {ignitorum
1205 2683 1246 2715 Ca
1285 2681 1297 2725 ΙΙ
1335 2686 1376 2714 27
1404 2684 1580 2723 ingenuus

153 2728 195 2762 Ca
233 2726 246 2770 ΙΙ
285 2732 324 2760 30
353 2729 459 2770 sit].si
482 2729 506 2760 0
545 2728 557 2771 ΙΙ
598 2732 639 2761 32
666 2731 803 2770 cognati
825 2728 850 2761 C

1617 564 1634 593 5

1617 848 1656 876 10

1618 1133 1652 1162 15

1612 1418 1653 1447 20

1611 1792 1651 1821 25

1610 2078 1650 2106 30
