1942 3081
330 107 427 138 Paul.
449 107 488 143 ΙΙ,
510 108 664 138 mix—22
847 129 960 135 —-
1022 106 1072 144 72
1133 127 1245 135 -..

327 236 460 283 *quae
493 244 537 270 se
561 232 698 270 sciens
729 244 851 270 seruo
885 232 1138 283 municipum
1173 231 1376 270 iunxerit.
1410 230 1532 268 etiam
1562 231 1665 269 citra
1687 229 1764 269 de-

326 289 653 328 *nuntiationem
676 289 825 327 ancilla
847 288 1046 329 efficitur:
1074 301 1155 327 non
1180 289 1291 336 item,
1318 287 1350 325 si
1375 287 1545 326 nesciat.
1581 287 1762 327 nescisse

327 347 491 385 *autem
522 344 713 395 uidetur,
755 358 861 397 quae
899 352 1104 397 comperta
1138 344 1378 384 condicione
1415 343 1688 383 contubernio
1718 356 1763 383 se

253 403 301 440 45
327 402 574 452 *abstinuit‚
610 409 679 441 aut
711 402 907 442 libertum
939 403 1116 455 putauit.
1184 401 1328 440 Libera
1359 401 1511 440 mulier
1540 400 1764 440 contuber—

327 461 466 499 ''nium
490 461 579 499 eius
596 466 750 509 secuta,
777 462 848 511 qui
872 460 1015 511 plures
1032 459 1220 498 dominos
1238 458 1394 507 habuit7
1423 459 1514 497 eius
1531 457 1573 496 fit
1595 458 1759 506 ancilla,

252 518 301 555 46
328 518 423 568 *qui
447 518 559 568 prior
580 516 869 566 denuntiauit,
898 518 976 556 nisi
1000 517 1104 556 forte
1127 516 1179 555 ab
1210 514 1403 554 omnibus
1426 514 1578 554 sactum
1600 516 1666 554 sit.
1721 515 1761 554 Si

327 576 483 613 *mater
513 586 634 612 seruo
667 574 737 612 filii
769 587 812 612 se
842 574 1048 622 iunxerit,
1084 586 1165 612 non
1195 572 1300 612 tollit
1332 578 1500 611 senatus
1531 572 1762 611 consultum

327 630 628 670 *Claudianum
661 629 993 670 erubescendam
1024 631 1168 669 matris
1198 630 1321 669 etiam
1356 629 1397 667 in
1421 641 1465 668 re
1495 630 1608 681 turpi
1642 641 1765 668 reue-

326 689 525 726 *rentiam
550 688 740 738 exemplo
764 688 868 736 eius,
895 699 1002 739 quae
1025 699 1069 726 se
1091 699 1213 726 seruo
1231 685 1371 725 liberti
1394 687 1458 725 sui
1480 686 1759 725 coniunxerit.

251 744 301 782 ¹¹7
327 744 500 783 *Tribus
532 744 922 784 denuntiationibus
950 750 1154 783 conuenta
1192 744 1269 783 etsi
1302 756 1353 782 ex
1380 749 1550 782 senatus
1580 742 1764 782 consulto

325 801 452 840 *facta
475 801 669 841 uideatur
690 801 857 851 ancilla,
883 801 1050 840 domino
1071 807 1210 840 tamen
1232 799 1468 839 adiudicata
1501 801 1603 838 citra
1625 806 1767 840 aucto—

326 860 517 897 *ritatem
550 859 783 910 interpositi
807 871 883 910 per
905 857 1141 910 praesidem
1161 857 1318 897 decreti
1341 869 1423 896 non
1445 856 1640 896 uidetur:
1674 858 1763 908 ipse

251 916 299 953 ¹18
326 917 460 955 “enim
483 914 609 955 debet
631 914 797 954 auferre
821 917 892 967 qui
923 915 1024 954 dare
1047 922 1180 966 potest
1211 914 1462 953 libertatem.
1515 914 1615 953 Filia
1645 913 1766 952 fami-

325 973 425 1011 *lias
456 979 614 1012 mortuo
650 979 767 1024 patre
799 974 833 1012 si
865 974 906 1012 in
939 973 1052 1011 serui
1093 971 1368 1011 contubernio
1405 971 1758 1023 perseuerauerit,

326 1034 423 1081 *pro
455 1037 598 1069 tenore
623 1036 789 1069 senatus
811 1030 987 1069 consulti
1011 1029 1227 1068 Claudiani
1259 1035 1463 1068 conuenta
1487 1027 1668 1067 efficitur
1689 1040 1765 1067 an-

324 1087 485 1125 ‘’‘cillaf

839 1213 939 1263 [xxia
997 1224 1044 1250 DE
1076 1210 1251 1262 nomzvs]

284 1293 291 1329 l
440 1292 518 1331 Dos
539 1298 607 1331 aut
631 1291 839 1331 antecedit
862 1299 931 1331 aut
953 1292 1147 1343 sequitur
1169 1291 1492 1340 matrimonium,
1519 1296 1557 1329 et
1581 1289 1673 1328 ideo
1696 1290 1763 1329 uel

325 1356 421 1388 ante
453 1349 622 1400 nuptias
652 1349 721 1388 uel
752 1356 840 1400 post
872 1349 1039 1400 nuptias
1068 1348 1157 1387 dari
1181 1354 1336 1399 potest:
1373 1346 1447 1386 sed
1469 1353 1565 1385 ante
1597 1347 1764 1398 nuptias

259 1407 300 1444 1ξι
326 1405 420 1445 data
452 1418 593 1445 earum
618 1412 806 1457 expectat
828 1405 1071 1445 aduentum.
1124 1407 1284 1444 *Mutus
1312 1403 1465 1443 surdus
1487 1416 1634 1444 caecus
1656 1402 1763 1442 dotis

258 1459 300 1501 'lb
323 1464 516 1502 *nomine
539 1463 788 1514 obligantur,
815 1464 911 1514 quia
935 1469 975 1502 et
997 1463 1166 1514 nuptias
1189 1462 1434 1501 contrahere
1456 1467 1646 1513 possunt.
1681 1461 1766 1500 Ma-

324 1522 475 1559 *neme
508 1521 770 1559 matrimonio
802 1533 883 1559 non
915 1519 1157 1572 perditurae
1189 1519 1308 1558 uxori
1339 1518 1391 1557 ob
1421 1519 1494 1557 has
1516 1530 1661 1557 causas
1692 1516 1766 1556 dos

323 1577 470 1617 *reddi
507 1584 664 1629 potest:
705 1584 751 1616 ut
791 1590 883 1617 sese
921 1589 1101 1628 suosque
1138 1577 1241 1626 alat,
1277 1583 1323 1615 ut
1359 1575 1536 1615 fundum
1568 1574 1764 1614 idoneum

323 1636 479 1684 *emat‚
510 1642 553 1674 ut
575 1635 615 1672 in
639 1635 832 1674 exsilium
864 1635 933 1673 uel
966 1635 1007 1672 in
1031 1634 1210 1672 insulam
1242 1633 1424 1684 relegato
1447 1633 1609 1684 parenti
1641 1644 1765 1684 prae-

322 1693 429 1730 *stet
456 1691 672 1741 alimonia,
717 1699 787 1731 aut
818 1698 862 1731 ut
894 1697 1084 1743 egentem
1115 1691 1280 1741 uirum,
1325 1689 1493 1729 fratrem
1528 1701 1764 1728 sororemue

323 1749 595 1788 *sustineatffi

275 1807 298 1844 2
440 1807 545 1857 Lege
578 1806 679 1844 Iulia
709 1805 761 1845 de
797 1805 1016 1845 adulteriis
1051 1811 1244 1853 cauetur7
1286 1816 1338 1843 ne
1377 1803 1511 1842 dotale
1547 1801 1764 1854 praedium

326 1864 498 1901 maritus
520 1863 650 1902 inuita
674 1875 803 1902 uxore
825 1863 994 1901 alienet.

578 1988 668 2039 [xxu
728 2000 775 2026 DE
807 2000 937 2026 PACTls
969 1999 1082 2025 INTER
1113 1999 1232 2025 vmvm
1264 1999 1308 2024 ΕΤ
1341 1985 1507 2037 VXOREM]

278 2068 291 2105 l
439 2069 612 2107 Fructus
631 2066 749 2107 fundi
771 2066 918 2106 dotalis
936 2072 1149 2105 constante
1168 2066 1428 2104 matrimonio
1446 2065 1630 2117 percepti
1651 2065 1763 2103 lucro

323 2125 463 2172 'mariti
485 2123 653 2173 cedunt,
681 2125 803 2163 etiam
820 2137 895 2176 pro
912 2130 999 2163 rata
1020 2124 1118 2163 anni
1138 2123 1241 2172 eius,
1268 2135 1349 2174 quo
1372 2122 1524 2161 factum
1544 2128 1605 2160 est
1622 2121 1766 2161 diuor-

276 2182 299 2220 2
326 2183 445 2221 tium.
500 2181 705 2220 Omnibus
737 2183 868 2233 pactis
890 2181 1101 2232 stipulatio
1133 2179 1265 2219 subici
1296 2179 1445 2229 debet,
1479 2185 1525 2219 ut
1555 2192 1605 2218 ex
1630 2178 1766 2230 stipu—

326 2239 411 2278 latu
434 2239 538 2278 actio
562 2239 675 2277 nasci
697 2239 841 2290 possit.

420 2423 493 2457 211³,
517 2423 563 2450 4³.
587 2418 623 2449 ib
642 2433 682 2447 =
704 2420 780 2460 Περ.
805 2422 857 2450 23.
881 2422 911 2455 3,
933 2421 972 2449 73

417 2593 435 2622 2
465 2592 546 2622 item
573 2591 715 2629 Arndts,
754 2589 846 2621 idem
881 2589 1009 2621 Vesont.
1068 2589 1081 2628 11
1146 2590 1186 2619 25
1213 2586 1345 2627 uirum]
1383 2586 1494 2617 filium
1521 2595 1561 2617 ex
1590 2586 1659 2618 alio
1685 2587 1765 2618 uiro

326 2637 513 2668 Mommsen

1792 747 1831 776 ⁴0

1793 1033 1832 1062 45

1792 1409 1831 1438 20

1791 1695 1831 1724 25

1791 2071 1830 2099 30
