1966 3081
735 150 848 155 —-.
906 127 955 165 21
1020 149 1131 155 —-
1513 128 1654 169 x'lp.49

167 253 190 290 8
333 254 588 305 Vsucapione
619 252 846 291 dominium
877 251 1150 302 adipiscimur
1171 258 1254 290 tam
1288 253 1481 303 mancipii
1513 265 1650 291 rerum

218 323 340 362 quam
364 322 439 349 uec
462 309 671 360 mancipii.
714 309 913 359 usucapio
936 314 997 347 est
1027 315 1165 347 autem
1188 307 1359 347 dominii
1383 309 1549 360 adoptio
1580 322 1654 361 per

217 368 569 406 continuationem
600 366 874 416 possessionis
895 365 990 404 anni
1023 365 1090 403 uel
1122 364 1304 404 biennii:
1346 378 1485 404 rerum
1520 366 1653 405 mobi-

219 425 317 464 lium
341 425 451 473 anni,
480 421 752 461 immobilium
776 421 952 461 biennii.

169 481 191 518 9
332 481 375 519 In
407 481 495 519 iure
525 479 656 518 cessio
678 491 846 530 quoque
878 479 1108 517 communis
1130 479 1323 517 alienatio
1346 484 1408 517 est
1435 485 1474 517 et
1499 480 1652 517 manci-
1679 488 1692 512 7

219 538 275 589 pii
310 548 449 575 rerum
480 543 520 575 ct
549 549 624 575 nec
651 537 869 587 mancipii:
911 548 1019 587 quae
1048 536 1091 574 fit
1123 548 1198 587 per
1234 541 1320 574 tres
1348 547 1569 586 personas,
1610 537 1649 574 in

141 593 191 631 40
220 596 309 633 iure
327 593 528 641 cedentis,
556 593 824 643 uindicantis,
851 592 1098 631 addicentis.
1135 593 1178 631 In
1198 593 1286 631 iure
1304 592 1413 631 cedit
1433 591 1647 631 dominus:

143 650 184 687 Μ
218 649 404 690 uindicat
437 651 493 700 15,
527 651 590 689 cui
624 650 809 689 ceditur:
851 649 1007 689 addicit
1036 656 1217 701 praetor.
1271 650 1314 687 ln
1345 650 1435 688 iure
1466 649 1554 688 cedi
1589 662 1654 689 res

219 708 341 746 ctiam
374 708 656 758 incorporales
692 714 886 759 possunt,
922 707 1037 746 uelut
1071 706 1335 745 ususfructus
1373 712 1411 744 et
1443 705 1654 745 hereditas

141 763 190 801 4⁶2
217 770 253 802 et
278 764 405 803 tutela
425 764 607 815 legitima
632 764 818 803 libertae.
855 763 1071 803 Hereditas
1096 764 1135 801 in
1156 764 1245 802 iure
1263 764 1427 803 ceditur
1444 763 1512 801 uel
1535 770 1654 802 ante-

142 820 188 858 13
216 834 338 872 quam
363 820 536 860 adeatur
557 823 625 860 uel
656 828 920 873 posteaquam
952 820 1061 859 adita
1086 820 1225 860 fuerit.
1272 820 1506 872 Antequam
1529 819 1655 859 adea-

217 885 308 928 tur,
335 879 376 916 111
401 879 490 917 iure
514 878 602 917 cedi
626 885 759 930 potest
783 878 835 917 ab
858 877 1009 917 herede
1033 878 1227 930 1691111710.-
1252 884 1519 929 posteaquam
1543 876 1653 916 adita

218 942 294 985 est,
320 942 402 974 tam
424 948 446 974 a
465 936 644 987 legitimo
667 948 790 987 quam
808 935 861 973 ab
885 948 946 985 co,
973 936 1043 987 qui
1066 941 1312 973 testamento
1329 935 1449 973 heres
1473 935 1654 986 scriptus

140 990 188 1028 44
217 999 292 1031 est.
330 993 369 1030 Si
393 999 614 1044 antequam
639 993 814 1032 adeatur
839 992 1048 1031 hereditas
1070 993 1111 1029 in
1135 992 1224 1031 iure
1246 1004 1360 1030 cessa
1382 992 1456 1041 sit,
1481 990 1653 1043 proinde

216 1050 338 1088 heres
361 1049 418 1099 fit,
444 1050 508 1088 cui
532 1062 648 1088 cessa
670 1057 744 1098 est,
771 1062 816 1088 ac
839 1050 871 1087 si
896 1050 983 1100 ipse
1007 1049 1129 1088 heres
1152 1049 1359 1100 legitimus
1382 1056 1507 1088 esset.
1543 1047 1655 1099 quod
1705 1056 1718 1080 f·

217 1108 249 1145 si
273 1113 537 1158 posteaquam
561 1106 669 1145 adita
689 1106 827 1155 fuerit,
856 1107 895 1144 in
919 1107 1008 1145 iure
1032 1118 1146 1144 cessa
1169 1107 1234 1155 sit,
1262 1106 1296 1144 is
1318 1106 1387 1156 qui
1412 1105 1532 1144 cessit
1556 1118 1655 1156 per-

216 1170 355 1202 manet
377 1164 501 1202 heres
534 1170 573 1202 et.
595 1163 647 1202 ob
670 1163 711 1202 id
740 1162 1013 1202 creditoribus
1046 1162 1229 1202 defuncti
1263 1169 1401 1201 manet
1425 1161 1651 1213 obligatus:

140 1218 189 1255 45
216 1219 361 1259 Debita
380 1233 480 1259 uero
499 1227 694 1272 pereunt,
720 1220 762 1259 id
785 1227 845 1259 est
869 1219 1082 1259 debitores
1104 1219 1292 1258 defuncti
1316 1219 1563 1269 liberantur,
1590 1232 1656 1258 res

217 1284 354 1316 autem
378 1277 623 1328 corporales,
650 1279 776 1329 quasi
795 1278 980 1328 singulae
1005 1278 1045 1315 in
1068 1277 1159 1315 iure
1183 1289 1321 1316 cessae
1344 1283 1490 1326 essent,
1516 1282 1656 1315 trans-

217 1341 315 1374 eunt
339 1333 391 1373 ad
415 1348 522 1385 eum,
552 1335 618 1374 cui
642 1341 840 1373 cessa-est
864 1333 1093 1373 hereditas.

141 1390 190 1427 46
330 1390 648 1431 Adiudicatione
681 1391 861 1431 dominia
885 1392 1166 1430 nanciscimur
1197 1403 1274 1442 per
1294 1390 1511 1429 formulam
1536 1389 1657 1428 fami-

218 1448 296 1488 liae
327 1448 649 1499 herciscundae,
678 1461 784 1500 quae
808 1449 941 1487 locum
965 1448 1085 1487 habet
1114 1450 1224 1487 inter
1246 1447 1491 1496 coheredes,
1521 1453 1560 1486 et
1582 1460 1657 1498 per

219 1505 437 1544 formulam
468 1507 674 1545 communi
705 1505 960 1552 diuidundo,
998 1506 1064 1544 cui
1086 1506 1199 1544 locus
1223 1510 1283 1543 est
1308 1506 1418 1543 inter
1439 1505 1588 1555 socios,
1618 1510 1657 1542 et

218 1575 296 1615 per
328 1561 546 1601 formulam
577 1563 721 1602 finium
764 1563 1071 1613 regundorum,
1107 1575 1213 1613 quae
1246 1568 1305 1600 est
1337 1562 1448 1600 inter
1477 1562 1651 1600 uicinos.

219 1632 313 1658 nam
336 1620 370 1658 si
394 1619 521 1659 iudex
549 1620 621 1659 uni
645 1633 695 1658 ex
716 1619 942 1658 heredibus
964 1626 1033 1658 aut
1057 1619 1177 1657 sociis
1200 1625 1269 1657 aut
1301 1618 1448 1657 uicinis
1471 1630 1558 1657 rem
1581 1618 1657 1656 ali-

219 1689 342 1728 quan]
365 1676 688 1727 adiudicauerit,
717 1677 853 1715 statim
878 1677 936 1715 1111
959 1676 1207 1728 adquiritur,
1234 1677 1323 1715 siue
1345 1675 1541 1726 mancipii
1565 1675 1655 1713 siue

217 1746 294 1772 nec
315 1734 511 1785 mancipii
535 1735 602 1772 sit.

142 1789 189 1826 47
332 1792 437 1842 Lege
460 1790 579 1829 nobis
601 1789 840 1842 adquiritur
871 1790 985 1829 uelut
1011 1789 1212 1828 caducum
1236 1789 1303 1828 uel
1329 1789 1583 1840 ereptorium
1606 1800 1658 1826 ex

217 1848 306 1899 lege
330 1849 450 1899 Papia
476 1849 686 1899 Poppaea,
712 1848 808 1886 item
842 1848 1022 1898 legatum
1054 1859 1105 1885 ex
1128 1846 1217 1897 lege
1250 1845 1467 1885 duodecim
1496 1844 1659 1884 tabula-

219 1917 326 1955 rum,
354 1905 443 1944 siue
466 1905 661 1956 mancipii
687 1917 753 1943 res
776 1905 855 1943 sint
881 1905 968 1943 51116
991 1916 1067 1943 nec
1087 1904 1298 1955 mancipii.

142 1960 191 1997 48
332 1961 583 2013 Adquiritur
622 1969 753 2001 autem
785 1961 905 2000 nobis
937 1962 1060 2000 etiam
1096 1973 1173 2012 per
1203 1973 1271 1999 eas
1301 1972 1519 2012 personas,
1555 1971 1657 2010 quas

219 2019 261 2057 in
283 2024 484 2069 potestate
514 2031 639 2057 manu
661 2018 920 2070 mancipioue
943 2017 1160 2057 habemus.
1196 2018 1338 2068 itaque
1362 2017 1396 2055 si
1419 2016 1520 2067 quid
1542 2028 1658 2055 man-

219 2076 325 2127 cipio
354 2082 453 2127 puta
486 2077 720 2127 acceperint
751 2082 818 2114 aut
851 2075 1049 2114 traditum
1080 2076 1140 2113 cis
1163 2075 1216 2113 sit
1247 2075 1315 2113 uel
1347 2073 1532 2125 stipulati
1566 2072 1659 2112 fue-

144 2131 192 2168 19
219 2133 316 2182 rint,
342 2132 394 2171 ad
411 2145 484 2171 1105
508 2134 704 2184 pertinet.
740 2133 840 2171 Item
861 2133 894 2171 si
916 2131 1090 2170 heredes
1109 2132 1290 2170 instituti
1313 2132 1395 2169 sint
1420 2131 1656 2181 legatumne

220 2190 279 2228 eis
301 2190 376 2239 sit,
403 2196 439 2228 et
464 2189 738 2228 hereditatem
765 2191 880 2228 iussu
901 2195 1041 2228 nostro
1063 2188 1268 2228 adeuntes
1290 2187 1410 2227 nobis
1432 2187 1657 2238 adquirunt

141 2244 192 2283 20
220 2253 261 2285 et
282 2246 460 2297 legatum
491 2246 543 2285 ad
567 2259 640 2285 nos
671 2248 868 2297 pertinet.
914 2247 955 2285 Si
985 2258 1133 2285 seruus
1163 2246 1335 2285 alterius
1358 2245 1400 2282 in
1428 2243 1572 2293 bonis,
1600 2243 1660 2282 al-

219 2304 352 2343 terius
383 2316 435 2342 ex
457 2304 547 2343 iure
569 2303 795 2350 Quiritium
818 2304 891 2352 sit,
929 2316 979 2341 ex
1011 2302 1205 2342 omnibus
1232 2303 1368 2341 causis
1398 2300 1581 2351 adquirit
1603 2301 1653 2348 61,

269 2418 278 2421 ν
292 2417 364 2425 ,Λα-,ιἡ
375 2420 379 2423 «
396 2417 553 2425 „srmhrxfwc
566 2420 574 2423 c
586 2417 608 2424 μ»
633 2422 636 2424 .
650 2421 658 2424 c
672 2418 726 2424 ser.»
742 2417 774 2423 ,xx
805 2417 849 2424 «Α,
861 2416 880 2424 s
894 2416 1014 2424 κκνκκα
1031 2420 1038 2423 ,
1051 2422 1056 2423 ⁷
1070 2420 1074 2422 1
1088 2417 1090 2419 »
1114 2422 1118 2423 ⁷
1136 2416 1247 2423 seme-Ax
1265 2415 1330 2422 raus«.
1344 2414 1434 2422 *arxe-z
1442 2414 1509 2421 zv«
1528 2415 1545 2420 u
1555 2413 1593 2419 <z-

315 2477 325 2504 l
357 2473 516 2505 dominia
539 2473 563 2505 C
597 2470 609 2515 ΙΙ
647 2475 664 2503 6
691 2473 794 2513 quae]
823 2483 934 2514 eaque
955 2474 1118 2514 Sche'lliny
1154 2472 1166 2513 Η
1203 2475 1220 2503 7
1249 2471 1417 2503 cedentes
1435 2469 1660 2502 uindicantes

221 2519 431 2552 addicentes
454 2519 478 2552 C
511 2517 524 2560 ΙΙ
563 2521 602 2549 ⁴2
621 2519 666 2550 ab
686 2519 817 2551 herede
835 2520 992 2560 legitimo
1013 2518 1184 2555 omacius,
1205 2518 1359 2558 legitime
1377 2515 1421 2548 ab
1440 2514 1571 2546 herede
1595 2514 1620 2547 C
1650 2516 1652 2532 '

223 2568 262 2596 43
289 2574 307 2597 a
331 2563 373 2598 Cb
391 2568 528 2604 (manus
545 2566 722 2602 secunda),
743 2573 807 2597 om.
834 2565 875 2598 Ca
913 2563 926 2607 ΙΙ
967 2567 1007 2595 16
1033 2566 1241 2605 posteacum
1265 2562 1289 2594 C
1334 2560 1347 2603 Η
1395 2563 1434 2591 49
1463 2561 1566 2601 quasi
1587 2585 1593 2591 .
1618 2585 1624 2591 .
1650 2585 1655 2590 .

1682 771 1720 798 40

1680 1339 1721 1368 ΞΟ

1681 1908 1720 1936 30

1685 2193 1725 2221 35

221 2613 339 2642 essent
358 2611 534 2651 Schillingy,
555 2612 696 2651 quoties
717 2635 722 2641 .
747 2635 753 2642 .
777 2635 784 2641 .
806 2612 889 2642 sunt
911 2611 935 2643 C
958 2608 970 2651 ΙΙ
996 2612 1037 2640 22
1065 2611 1154 2641 inter
1172 2617 1262 2649 quos
1281 2606 1432 2638 heredes
1454 2606 1479 2638 C
1501 2603 1514 2648 ΙΙ
1540 2607 1574 2635 31
1599 2608 1657 2637 aut
1700 2604 1703 2607 ⁴

225 2654 250 2686 C
285 2654 296 2697 l]
333 2659 372 2687 32
392 2656 538 2698 quidem
562 2656 587 2688 C
621 2653 633 2698 ΙΙ
669 2659 708 2687 33
729 2657 907 2697 acceperit
931 2655 956 2687 C
991 2653 1002 2698 ΙΙ
1039 2657 1076 2685 37
1099 2656 1153 2686 1115
1175 2653 1199 2686 C
1229 2650 1242 2694 11
1278 2653 1395 2684 causis
1412 2662 1431 2682 *-
1450 2651 1614 2692 adquiret
1637 2650 1661 2682 C
