1966 3081
305 356 347 393 ⁵0

300 584 340 621 ll

300 699 347 736 42

299 813 312 849 Ι1
326 814 345 849 :3

324 2099 347 2136 2

325 2214 346 2250 3

379 171 544 211 x·1p.6.7
894 189 1006 196 --
1068 166 1117 204 1⁶)
1178 189 1286 195 ,-

1095 196 1118 205 n

377 307 510 334 mores
535 301 605 333 aut
626 301 795 346 propter
823 294 1033 344 impensas
1053 299 1123 332 aut
1147 299 1317 343 propter
1338 302 1405 329 res
1426 289 1598 329 donatas
1618 295 1689 328 aut
1709 301 1807 340 pro-

377 359 468 403 pter
499 364 566 390 res
595 358 766 390 amotas.
820 350 991 401 Propter
1021 348 1175 388 liberos
1206 348 1382 388 retentio
1415 347 1478 396 fit,
1514 347 1547 385 si
1570 346 1692 397 culpa
1714 357 1807 385 mu-

378 409 487 448 lieris
519 415 589 448 aut
621 408 750 460 patris
780 408 898 446 cuius
929 408 970 445 in
992 412 1194 458 potestate
1217 412 1279 444 est
1300 404 1527 444 diuortium
1550 403 1703 443 factum
1725 403 1801 441 sit:

375 474 474 505 tunc
514 466 625 504 enim
658 465 914 516 singulorum
946 463 1172 503 liberorum
1206 462 1372 501 nomine
1404 467 1544 501 sextae
1575 461 1808 500 retinentur

374 535 423 561 ex
446 522 564 571 dote,
598 535 679 561 non
710 522 853 573 plures
882 528 1021 560 tamen
1052 532 1176 572 quam
1199 526 1297 558 tres.
1345 525 1486 558 sextae
1509 519 1550 557 in
1574 517 1807 556 retentione

375 586 485 629 sunt,
513 592 593 618 non
618 580 658 617 in
682 579 898 630 petitione.
952 578 1053 628 Dos,
1081 590 1185 629 quae
1208 576 1337 615 semel
1358 575 1496 614 functa
1519 582 1603 625 est,
1630 573 1809 626 amplius

376 636 490 688 fungi
512 648 592 675 non
617 642 763 686 potest,
791 636 870 674 nisi
893 634 1004 674 aliud
1026 635 1332 673 matrimonium
1356 633 1423 671 sit.

489 695 642 732 Morum
672 694 839 731 nomine
868 693 1106 744 grauiorum
1138 689 1307 742 quidem
1337 696 1457 728 sexta
1489 690 1711 737 retinetur,
1747 688 1808 726 le-

377 752 536 789 uiorum
568 757 706 789 autem
738 757 895 789 octaua.
952 750 1162 800 grauiores
1194 759 1328 786 mores
1361 753 1455 786 sunt
1485 745 1690 785 adulteria
1718 752 1810 783 tan—

375 816 481 856 tum7
520 808 697 846 leuiores
727 819 871 846 omnes
901 806 1066 857 reliqui.
1121 805 1247 843 Mariti
1281 816 1419 842 mores
1440 804 1676 855 puniuntur
1697 803 1739 840 in
1761 813 1808 840 ea

375 865 544 915 quidem
568 863 684 914 dote⁷
711 876 818 915 quae
841 876 862 902 a
886 862 952 902 die
976 862 1097 901 reddi
1119 861 1265 910 debet,
1302 858 1356 899 ita
1380 866 1421 900 ut
1441 866 1613 911 propter
1634 859 1809 898 maiores

374 934 507 959 mores
547 929 810 973 praesentem
852 919 988 959 dotem
1031 918 1191 967 reddat,
1238 924 1405 970 propter
1448 918 1627 956 minores
1662 927 1807 956 senum

376 991 565 1017 mensum
587 978 670 1017 die.
727 979 769 1017 in
793 990 838 1017 ea
861 984 1024 1027 autem,
1060 989 1166 1028 quae
1190 987 1391 1028 praesens
1414 973 1532 1013 reddi
1556 974 1678 1024 solet,
1715 979 1809 1012 tan-

374 1042 461 1074 tum
485 1048 537 1074 ex
560 1034 765 1074 fructibus
789 1035 959 1074 iubetur
983 1034 1174 1083 reddere7
1206 1040 1408 1084 quantum
1432 1033 1474 1070 in
1497 1032 1567 1070 illa
1589 1030 1683 1070 dote
1706 1041 1809 1082 quae

374 1093 551 1131 triennio
574 1091 765 1131 redditur
788 1092 1107 1143 repraesentatio
1130 1089 1239 1129 facit.

487 1151 774 1201 Impensarum
797 1150 958 1200 species
980 1155 1077 1187 sunt
1100 1156 1205 1187 tres:
1232 1154 1304 1186 aut
1325 1146 1434 1185 enim
1457 1145 1720 1185 necessariae
1744 1143 1810 1183 di—

373 1213 525 1245 cuntur
554 1214 622 1245 aut
656 1206 779 1245 utiles
809 1212 881 1244 aut
902 1206 1189 1257 uoluptuosae.
1239 1204 1505 1243 Necessariae
1527 1209 1624 1242 sunt
1647 1203 1810 1253 impen-

374 1275 463 1312 sae,
502 1262 656 1314 quibus
689 1275 769 1302 non
798 1263 918 1302 factis
934 1262 1012 1301 dos
1034 1262 1215 1301 deterior
1236 1260 1375 1301 futura
1399 1267 1484 1307 est,
1519 1260 1635 1299 uelut
1658 1260 1693 1298 si
1715 1259 1808 1310 quis

374 1321 562 1359 ruinosas
582 1320 708 1359 aedes
730 1319 935 1359 refecerit.
988 1320 1115 1358 Vtiles
1138 1326 1258 1368 sunt,
1293 1317 1448 1370 quibus
1470 1329 1550 1356 non
1574 1317 1690 1355 factis
1712 1316 1809 1367 qui-

373 1376 466 1416 dem
488 1377 671 1416 deterior
692 1377 765 1417 dos
788 1390 869 1416 non
893 1376 1037 1425 suerit,
1074 1375 1190 1415 factis
1218 1382 1356 1415 autem
1387 1374 1636 1413 fructuosior
1662 1373 1807 1412 effecta

373 1441 456 1480 est,
504 1435 630 1473 ueluti
663 1436 695 1473 si
731 1434 869 1473 uineta
902 1440 939 1472 et
973 1434 1123 1472 oliueta
1156 1433 1315 1472 fecerit.
1379 1432 1654 1483 Voluptuosae
1692 1437 1805 1480 sunt,

371 1491 522 1542 quibus
554 1503 691 1542 neque
724 1492 887 1530 omissis
918 1490 1101 1529 deterior
1131 1489 1205 1529 dos
1237 1490 1353 1528 fieret
1383 1501 1524 1540 neque
1555 1487 1672 1527 factis
1697 1486 1809 1526 fruc—

372 1549 523 1587 tuosior
554 1549 697 1587 effecta
726 1555 809 1587 est:
847 1547 954 1598 quod
985 1548 1127 1586 euenit
1161 1547 1199 1585 in
1234 1546 1462 1586 uiridiariis
1493 1552 1534 1584 et
1555 1545 1730 1596 picturis
1751 1544 1810 1583 si-

374 1605 627 1656 milibusque
653 1605 793 1645 rebus.

517 1736 583 1782 [vn
644 1743 691 1769 DE
724 1743 809 1769 IVRE
840 1742 1096 1769 nomnoxvu
1130 1742 1242 1768 lNTER
1274 1741 1388 1768 vim-,u
1420 1741 1466 1767 Er
1497 1726 1665 1779 vxonffl]

488 1811 599 1849 lnter
631 1811 768 1849 uiruin
799 1816 837 1848 et
867 1822 1037 1849 uxorem
1071 1809 1234 1848 donatio
1264 1821 1344 1847 non
1375 1808 1485 1847 ualet
1513 1807 1591 1846 nisi
1612 1807 1735 1846 certis
1756 1818 1808 1844 ex

373 1868 529 1917 causis,
566 1867 606 1905 id
631 1875 690 1906 est
712 1868 857 1906 mortis
879 1879 1024 1916 causa,
1060 1866 1231 1905 diuortii
1256 1878 1401 1914 causa,
1439 1864 1552 1904 serui
1583 1863 1810 1902 manumit-

374 1924 487 1963 tendi
513 1925 654 1975 gratia.
701 1925 774 1963 hoc
796 1925 974 1976 amplius
997 1922 1300 1975 principalibus
1322 1919 1689 1961 constitutionibus
1710 1932 1810 1959 con-

374 1994 534 2021 cessum
559 1989 618 2020 est
641 1982 806 2021 mulieri
831 1983 870 2019 in
895 1982 968 2020 hoc
990 1980 1143 2019 donare
1166 1981 1257 2019 uiro
1280 1992 1374 2030 suo⁷
1411 1986 1457 2018 ut
1487 1979 1523 2017 is
1554 1977 1606 2017 ab
1628 1979 1811 2030 impera-

374 2045 461 2077 tore
484 2039 562 2077 lato
585 2039 700 2077 clauo
722 2039 789 2077 uel
813 2051 920 2090 equo
943 2037 1111 2090 publico
1133 2037 1312 2076 similiue
1335 2036 1488 2075 honore
1511 2036 1749 2074 honoretur.

489 2096 529 2134 Si
563 2096 735 2134 maritus
766 2095 935 2135 diuortii
965 2107 1087 2134 causa
1119 2107 1185 2134 res
1217 2094 1443 2143 amouerit,
1481 2105 1621 2132 rerum
1643 2104 1810 2144 quoque

373 2160 598 2191 amotarum
622 2153 779 2191 actione
803 2152 1026 2192 tenebitur.

488 2211 529 2247 Si
561 2210 734 2248 maritus
766 2222 838 2261 pro
870 2209 1044 2248 muliere
1076 2221 1119 2247 se
1150 2207 1397 2259 obligauerit
1428 2207 1495 2246 uel
1528 2207 1570 2245 in
1601 2218 1689 2245 rem
1720 2206 1810 2244 eius

467 2383 484 2410 6
511 2380 575 2411 dos
601 2381 686 2420 sqq„l
723 2381 805 2411 haec
829 2381 934 2411 uerba
960 2381 1039 2419 quid
1063 2380 1126 2410 sibe·
1151 2380 1256 2410 uelint
1281 2381 1312 2410 et
1336 2378 1499 2418 quomodo
1524 2385 1599 2408 cum
1623 2377 1809 2408 retentione

371 2429 512 2465 propter
540 2427 660 2457 liberos
689 2434 845 2456 concessa
876 2426 1096 2460 cohaereant,
1131 2433 1195 2455 non
1224 2424 1433 2463 intellegitur
1479 2422 1490 2463 ll
1539 2425 1555 2452 7
1583 2422 1694 2453 alium
1728 2420 1753 2453 C
1798 2419 1811 2463 ΙΙ

375 2474 391 2501 8
419 2474 515 2503 sexta
534 2473 708 2503 retinetur
730 2471 901 2508 eumelus,
922 2474 1018 2502 sexte
1038 2471 1235 2502 retinentur
1257 2468 1281 2501 C
1326 2467 1339 2511 ΙΙ
1385 2471 1404 2499 9
1431 2468 1610 2509 grauioris
1627 2479 1669 2496 u
1692 2468 1756 2503 (uel
1773 2472 1805 2506 ι)

376 2518 483 2549 moris
506 2516 547 2549 Ca
652 2517 828 2548 adulterio
859 2516 894 2549 C.
922 2516 1138 2547 adulterium
1166 2515 1334 2555 Boeckt‘ny
1379 2512 1392 2556 ΙΙ
1442 2517 1474 2543 tt
1507 2513 1538 2553 a}
1567 2521 1685 2544 annua
1711 2512 1809 2544 bima

375 2563 476 2594 trima
500 2563 658 2594 (Μανία-ς
748 2565 783 2593 ut
803 2571 867 2593 om.
892 2562 916 2593 C
953 2560 965 2603 Η
1008 2563 1043 2591 ¹4
1073 2571 1162 2602 quae
1181 2561 1335 2593 triennio
1354 2559 1462 2600 Huyo,
1483 2559 1722 2600 quadriennio
1744 2557 1769 2590 C
1798 2555 1812 2600 ΙΙ

378 2612 414 2639 15
435 2609 714 2649 repraesentatio
738 2607 910 2643 Gulae-ius,
931 2608 1133 2649 repensatio
1156 2607 1180 2640 C
1202 2606 1214 2647 ΙΙ
1248 2608 1288 2636 46
1305 2613 1540 2647 repensurum
1560 2603 1584 2636 C
1606 2602 1619 2646 Η
1650 2606 1692 2634 22
1710 2603 1811 2635 fruc—

376 2655 443 2684 tior
466 2654 490 2686 C
527 2653 539 2696 ῙΙ
579 2656 619 2685 Ξ3
647 2653 758 2694 quod]
783 2662 874 2694 quae
897 2652 921 2684 C
959 2651 971 2693 ΙΙ
1011 2655 1045 2683 31
1078 2653 1228 2683 maritus
1251 2651 1287 2688 C,
1308 2650 1437 2682 mulier
1456 2650 1639 2681 Mommsen
1679 2648 1691 2691 Η
1731 2658 1809 2681 mo-

376 2701 464 2730 uerit
489 2698 531 2731 Cb
560 2708 693 2730 ¹manus
711 2700 888 2735 secundam
909 2708 1080 2730 moueu»
1104 2699 1154 2729 uel
1174 2706 1367 2729 moueuu
1392 2696 1432 2727 (7ss

1837 810 1875 838 to

1836 1095 1875 1124 45

1835 1380 1875 1409 20

1833 1734 1875 1763 25

1837 2042 1876 2072 30
