<?xml version="1.0" encoding="UTF-8"?>
<!DOCTYPE html PUBLIC "-//W3C//DTD XHTML 1.0 Transitional//EN"
    "http://www.w3.org/TR/xhtml1/DTD/xhtml1-transitional.dtd">
<html xmlns="http://www.w3.org/1999/xhtml" xml:lang="en" lang="en">
 <head>
  <title>
</title>
<meta http-equiv="Content-Type" content="text/html;charset=utf-8" />
  <meta name='ocr-system' content='tesseract 3.04.00' />
  <meta name='ocr-capabilities' content='ocr_page ocr_carea ocr_par ocr_line ocrx_word'/>
</head>
<body>
  <div class='ocr_page' id='page_1' title='image "./collectiolibroru02krue_0175.png"; bbox 0 0 1942 3081; ppageno 0'>
   <div class='ocr_carea' id='block_1_1' title="bbox 752 120 1676 160">
    <p class='ocr_par' dir='ltr' id='par_1_1' title="bbox 752 120 1676 160">
     <span class='ocr_line' id='line_1_1' title="bbox 752 120 1676 160; baseline -0.01 0"><span class='ocrx_word' id='word_1_1' title='bbox 752 143 863 148; x_wconf 89' lang='lat'>——</span> <span class='ocrx_word' id='word_1_2' title='bbox 927 121 1003 160; x_wconf 78' lang='grc'>163</span> <span class='ocrx_word' id='word_1_3' title='bbox 1067 143 1176 149; x_wconf 87' lang='lat'>——-</span> <span class='ocrx_word' id='word_1_4' title='bbox 1444 120 1676 153; x_wconf 72' lang='lat' dir='ltr'>Dciurefisci</span> 
     </span>
    </p>
   </div>
   <div class='ocr_carea' id='block_1_2' title="bbox 307 248 1626 521">
    <p class='ocr_par' dir='ltr' id='par_1_2' title="bbox 307 248 1622 341">
     <span class='ocr_line' id='line_1_2' title="bbox 307 248 1622 294; baseline -0.001 -10"><span class='ocrx_word' id='word_1_5' title='bbox 307 248 506 284; x_wconf 84' lang='lat' dir='ltr'>columnae</span> <span class='ocrx_word' id='word_1_6' title='bbox 538 252 696 293; x_wconf 76' lang='lat' dir='ltr'><strong>quartae</strong></span> <span class='ocrx_word' id='word_1_7' title='bbox 730 250 832 283; x_wconf 88' lang='lat' dir='ltr'>initio</span> <span class='ocrx_word' id='word_1_8' title='bbox 865 248 1060 293; x_wconf 81' lang='lat' dir='ltr'>leguntur,</span> <span class='ocrx_word' id='word_1_9' title='bbox 1109 249 1279 284; x_wconf 87' lang='lat' dir='ltr'>eiusdem</span> <span class='ocrx_word' id='word_1_10' title='bbox 1320 254 1445 285; x_wconf 86' lang='lat' dir='ltr'>tamen</span> <span class='ocrx_word' id='word_1_11' title='bbox 1478 249 1622 294; x_wconf 86' lang='lat' dir='ltr'>periodi</span> 
     </span>
     <span class='ocr_line' id='line_1_3' title="bbox 307 305 627 341; baseline -0.003 -1"><span class='ocrx_word' id='word_1_12' title='bbox 307 316 390 341; x_wconf 84' lang='lat' dir='ltr'>esse</span> <span class='ocrx_word' id='word_1_13' title='bbox 413 305 627 340; x_wconf 81' lang='lat' dir='ltr'>uideantur.</span> 
     </span>
    </p>

    <p class='ocr_par' dir='ltr' id='par_1_3' title="bbox 309 361 1626 521">
     <span class='ocr_line' id='line_1_4' title="bbox 422 361 1618 408; baseline 0 -11"><span class='ocrx_word' id='word_1_14' title='bbox 422 362 615 408; x_wconf 84' lang='lat' dir='ltr'>Scriptura</span> <span class='ocrx_word' id='word_1_15' title='bbox 651 361 792 396; x_wconf 85' lang='lat' dir='ltr'>codicis</span> <span class='ocrx_word' id='word_1_16' title='bbox 827 361 907 396; x_wconf 81' lang='lat' dir='ltr'>fere</span> <span class='ocrx_word' id='word_1_17' title='bbox 943 361 988 395; x_wconf 91' lang='lat' dir='ltr'>ad</span> <span class='ocrx_word' id='word_1_18' title='bbox 1021 361 1170 396; x_wconf 79' lang='lat' dir='ltr'>V—VII</span> <span class='ocrx_word' id='word_1_19' title='bbox 1210 362 1405 398; x_wconf 88' lang='lat' dir='ltr'>saeculum</span> <span class='ocrx_word' id='word_1_20' title='bbox 1443 364 1618 407; x_wconf 76' lang='lat' dir='ltr'>pertinet.</span> 
     </span>
     <span class='ocr_line' id='line_1_5' title="bbox 309 416 1626 464; baseline -0.001 -10"><span class='ocrx_word' id='word_1_21' title='bbox 309 419 508 464; x_wconf 80' lang='lat' dir='ltr'>imaginem</span> <span class='ocrx_word' id='word_1_22' title='bbox 531 418 706 454; x_wconf 82' lang='lat' dir='ltr'>soliorum</span> <span class='ocrx_word' id='word_1_23' title='bbox 728 416 879 453; x_wconf 86' lang='lat' dir='ltr'>exhibet</span> <span class='ocrx_word' id='word_1_24' title='bbox 903 417 1018 453; x_wconf 89' lang='lat' dir='ltr'>editio</span> <span class='ocrx_word' id='word_1_25' title='bbox 1040 429 1135 462; x_wconf 69' lang='lat' dir='ltr'>mea,</span> <span class='ocrx_word' id='word_1_26' title='bbox 1164 420 1223 453; x_wconf 92' lang='lat' dir='ltr'>cui</span> <span class='ocrx_word' id='word_1_27' title='bbox 1245 419 1375 454; x_wconf 84' lang='lat' dir='ltr'>titulus</span> <span class='ocrx_word' id='word_1_28' title='bbox 1398 423 1473 454; x_wconf 85' lang='lat' dir='ltr'>est:</span> <span class='ocrx_word' id='word_1_29' title='bbox 1510 419 1626 463; x_wconf 75' lang='lat' dir='ltr'>Frag-</span> 
     </span>
     <span class='ocr_line' id='line_1_6' title="bbox 309 474 1445 521; baseline -0.001 -10"><span class='ocrx_word' id='word_1_30' title='bbox 309 481 476 512; x_wconf 84' lang='lat' dir='ltr'>mentum</span> <span class='ocrx_word' id='word_1_31' title='bbox 498 475 544 510; x_wconf 91' lang='lat' dir='ltr'>de</span> <span class='ocrx_word' id='word_1_32' title='bbox 567 476 647 510; x_wconf 85' lang='lat' dir='ltr'>iure</span> <span class='ocrx_word' id='word_1_33' title='bbox 671 475 750 509; x_wconf 85' lang='lat' dir='ltr'>tisci</span> <span class='ocrx_word' id='word_1_34' title='bbox 774 474 834 510; x_wconf 87' lang='lat' dir='ltr'>ed.</span> <span class='ocrx_word' id='word_1_35' title='bbox 863 475 901 509; x_wconf 89' lang='lat' dir='ltr'>P.</span> <span class='ocrx_word' id='word_1_36' title='bbox 930 475 1113 520; x_wconf 81' lang='lat' dir='ltr'>Krueger.</span> <span class='ocrx_word' id='word_1_37' title='bbox 1151 475 1296 521; x_wconf 82' lang='lat' dir='ltr'>Lipsiae</span> <span class='ocrx_word' id='word_1_38' title='bbox 1325 478 1445 512; x_wconf 81' lang='grc'>1868.</span> 
     </span>
    </p>
   </div>
   <div class='ocr_carea' id='block_1_3' title="bbox 843 619 1097 658">
    <p class='ocr_par' dir='ltr' id='par_1_4' title="bbox 843 619 1097 658">
     <span class='ocr_line' id='line_1_7' title="bbox 843 619 1097 658; baseline 0 0"><span class='ocrx_word' id='word_1_39' title='bbox 843 620 877 658; x_wconf 91' lang='lat' dir='ltr'><em>F</em></span> <span class='ocrx_word' id='word_1_40' title='bbox 877 619 967 658; x_wconf 91' lang='lat' dir='ltr'>OLI</span> <span class='ocrx_word' id='word_1_41' title='bbox 975 620 1045 658; x_wconf 82' lang='lat' dir='ltr'>VM</span> <span class='ocrx_word' id='word_1_42' title='bbox 1073 620 1097 658; x_wconf 94' lang='lat' dir='ltr'><em>I</em></span> 
     </span>
    </p>
   </div>
   <div class='ocr_carea' id='block_1_4' title="bbox 201 698 1731 1093">
    <p class='ocr_par' dir='ltr' id='par_1_5' title="bbox 207 698 1688 864">
     <span class='ocr_line' id='line_1_8' title="bbox 207 698 1688 751; baseline 0.001 -15"><span class='ocrx_word' id='word_1_43' title='bbox 207 700 218 736; x_wconf 86' lang='lat' dir='ltr'>l</span> <span class='ocrx_word' id='word_1_44' title='bbox 254 701 450 751; x_wconf 48' lang='lat' dir='ltr'>{scomma</span> <span class='ocrx_word' id='word_1_45' title='bbox 480 710 629 749; x_wconf 77' lang='lat' dir='ltr'>capere</span> <span class='ocrx_word' id='word_1_46' title='bbox 662 709 826 749; x_wconf 50' lang='lat' dir='ltr'>possm.</span> <span class='ocrx_word' id='word_1_47' title='bbox 878 698 1030 738; x_wconf 88' lang='lat' dir='ltr'>Heredi</span> <span class='ocrx_word' id='word_1_48' title='bbox 1062 700 1152 738; x_wconf 89' lang='lat' dir='ltr'>eius</span> <span class='ocrx_word' id='word_1_49' title='bbox 1181 700 1252 750; x_wconf 87' lang='lat' dir='ltr'>qui</span> <span class='ocrx_word' id='word_1_50' title='bbox 1284 711 1433 750; x_wconf 80' lang='lat' dir='ltr'>capere</span> <span class='ocrx_word' id='word_1_51' title='bbox 1465 711 1546 738; x_wconf 91' lang='lat' dir='ltr'>non</span> <span class='ocrx_word' id='word_1_52' title='bbox 1568 704 1688 751; x_wconf 88' lang='lat' dir='ltr'>pote-</span> 
     </span>
     <span class='ocr_line' id='line_1_9' title="bbox 253 754 1687 808; baseline 0.001 -14"><span class='ocrx_word' id='word_1_53' title='bbox 253 762 315 795; x_wconf 89' lang='lat' dir='ltr'>rat</span> <span class='ocrx_word' id='word_1_54' title='bbox 337 754 552 794; x_wconf 77' lang='lat' dir='ltr'>deferendi</span> <span class='ocrx_word' id='word_1_55' title='bbox 576 761 757 807; x_wconf 88' lang='lat' dir='ltr'>potestas</span> <span class='ocrx_word' id='word_1_56' title='bbox 779 768 972 794; x_wconf 88' lang='lat' dir='ltr'>concessa</span> <span class='ocrx_word' id='word_1_57' title='bbox 994 769 1070 794; x_wconf 80' lang='lat' dir='ltr'>non</span> <span class='ocrx_word' id='word_1_58' title='bbox 1095 763 1179 806; x_wconf 73' lang='lat' dir='ltr'>est,</span> <span class='ocrx_word' id='word_1_59' title='bbox 1213 757 1293 795; x_wconf 89' lang='lat' dir='ltr'>nisi</span> <span class='ocrx_word' id='word_1_60' title='bbox 1316 757 1354 795; x_wconf 67' lang='grc' dir='ltr'>εἰ</span> <span class='ocrx_word' id='word_1_61' title='bbox 1372 755 1535 795; x_wconf 88' lang='lat' dir='ltr'>ostendi</span> <span class='ocrx_word' id='word_1_62' title='bbox 1558 757 1687 808; x_wconf 87' lang='lat' dir='ltr'>possit</span> 
     </span>
     <span class='ocr_line' id='line_1_10' title="bbox 252 811 1683 864; baseline 0 -13"><span class='ocrx_word' id='word_1_63' title='bbox 252 813 342 851; x_wconf 90' lang='lat' dir='ltr'>eius</span> <span class='ocrx_word' id='word_1_64' title='bbox 379 812 598 852; x_wconf 78' lang='lat' dir='ltr'>uoluntatis</span> <span class='ocrx_word' id='word_1_65' title='bbox 635 811 865 852; x_wconf 85' lang='lat' dir='ltr'>decessisse</span> <span class='ocrx_word' id='word_1_66' title='bbox 902 812 1159 864; x_wconf 79' lang='lat' dir='ltr'>defunc-tum,</span> <span class='ocrx_word' id='word_1_67' title='bbox 1199 818 1245 852; x_wconf 85' lang='lat' dir='ltr'>ut</span> <span class='ocrx_word' id='word_1_68' title='bbox 1280 812 1444 853; x_wconf 89' lang='lat' dir='ltr'>deferre</span> <span class='ocrx_word' id='word_1_69' title='bbox 1476 825 1520 852; x_wconf 89' lang='lat' dir='ltr'>se</span> <span class='ocrx_word' id='word_1_70' title='bbox 1551 813 1683 853; x_wconf 81' lang='lat' dir='ltr'>uellet.</span> 
     </span>
    </p>

    <p class='ocr_par' dir='ltr' id='par_1_6' title="bbox 201 868 1731 978">
     <span class='ocr_line' id='line_1_11' title="bbox 201 868 1687 922; baseline 0.002 -15"><span class='ocrx_word' id='word_1_71' title='bbox 201 871 226 907; x_wconf 66' lang='lat' dir='ltr'><strong><em>Q</em></strong></span> <span class='ocrx_word' id='word_1_72' title='bbox 251 872 485 921; x_wconf 88' lang='lat' dir='ltr'>Antequam</span> <span class='ocrx_word' id='word_1_73' title='bbox 509 869 604 921; x_wconf 89' lang='lat' dir='ltr'>quis</span> <span class='ocrx_word' id='word_1_74' title='bbox 625 869 677 908; x_wconf 89' lang='lat' dir='ltr'>ab</span> <span class='ocrx_word' id='word_1_75' title='bbox 698 869 776 908; x_wconf 87' lang='lat' dir='ltr'>alio</span> <span class='ocrx_word' id='word_1_76' title='bbox 799 868 1024 920; x_wconf 81' lang='lat' dir='ltr'>deferatur,</span> <span class='ocrx_word' id='word_1_77' title='bbox 1053 871 1141 922; x_wconf 87' lang='lat' dir='ltr'>ipse</span> <span class='ocrx_word' id='word_1_78' title='bbox 1163 883 1207 910; x_wconf 90' lang='lat' dir='ltr'>se</span> <span class='ocrx_word' id='word_1_79' title='bbox 1229 869 1393 909; x_wconf 84' lang='lat' dir='ltr'>deferre</span> <span class='ocrx_word' id='word_1_80' title='bbox 1411 869 1559 910; x_wconf 87' lang='lat' dir='ltr'>debet:</span> <span class='ocrx_word' id='word_1_81' title='bbox 1587 871 1687 910; x_wconf 88' lang='lat' dir='ltr'>alias</span> 
     </span>
     <span class='ocr_line' id='line_1_12' title="bbox 253 926 1731 978; baseline -0.001 -12"><span class='ocrx_word' id='word_1_82' title='bbox 253 939 343 966; x_wconf 88' lang='lat' dir='ltr'>sero</span> <span class='ocrx_word' id='word_1_83' title='bbox 364 926 417 966; x_wconf 82' lang='lat' dir='ltr'>ad</span> <span class='ocrx_word' id='word_1_84' title='bbox 437 926 638 966; x_wconf 84' lang='lat' dir='ltr'>auxilium</span> <span class='ocrx_word' id='word_1_85' title='bbox 660 926 878 965; x_wconf 85' lang='lat' dir='ltr'>delationis</span> <span class='ocrx_word' id='word_1_86' title='bbox 899 926 1094 978; x_wconf 76' lang='lat' dir='ltr'>confugit.</span> <span class='ocrx_word' id='word_1_87' title='bbox 1150 926 1262 978; x_wconf 90' lang='lat' dir='ltr'>quod</span> <span class='ocrx_word' id='word_1_88' title='bbox 1283 929 1318 966; x_wconf 92' lang='lat' dir='ltr'>si</span> <span class='ocrx_word' id='word_1_89' title='bbox 1339 940 1416 978; x_wconf 90' lang='lat' dir='ltr'>per</span> <span class='ocrx_word' id='word_1_90' title='bbox 1437 940 1621 966; x_wconf 81' lang='lat' dir='ltr'>errorem</span> <span class='ocrx_word' id='word_1_91' title='bbox 1643 939 1687 966; x_wconf 90' lang='lat' dir='ltr'>se</span> <span class='ocrx_word' id='word_1_92' title='bbox 1715 935 1731 963; x_wconf 86' lang='lat'>5</span> 
     </span>
    </p>

    <p class='ocr_par' dir='ltr' id='par_1_7' title="bbox 203 982 1689 1093">
     <span class='ocr_line' id='line_1_13' title="bbox 203 982 1688 1036; baseline 0.001 -15"><span class='ocrx_word' id='word_1_93' title='bbox 203 985 224 1021; x_wconf 79' lang='lat'><strong>3</strong></span> <span class='ocrx_word' id='word_1_94' title='bbox 254 983 466 1034; x_wconf 69' lang='lat' dir='ltr'>detulerit,</span> <span class='ocrx_word' id='word_1_95' title='bbox 492 983 596 1022; x_wconf 91' lang='lat' dir='ltr'>nihil</span> <span class='ocrx_word' id='word_1_96' title='bbox 619 984 654 1022; x_wconf 91' lang='lat' dir='ltr'>ei</span> <span class='ocrx_word' id='word_1_97' title='bbox 677 982 805 1023; x_wconf 82' lang='lat' dir='ltr'>officit</span> <span class='ocrx_word' id='word_1_98' title='bbox 828 983 1129 1023; x_wconf 82' lang='lat' dir='ltr'>inconsiderata</span> <span class='ocrx_word' id='word_1_99' title='bbox 1154 984 1385 1036; x_wconf 78' lang='lat' dir='ltr'>diligentia.</span> <span class='ocrx_word' id='word_1_100' title='bbox 1434 985 1501 1024; x_wconf 92' lang='lat' dir='ltr'>Ius</span> <span class='ocrx_word' id='word_1_101' title='bbox 1522 991 1688 1036; x_wconf 84' lang='lat' dir='ltr'>patrum</span> 
     </span>
     <span class='ocr_line' id='line_1_14' title="bbox 253 1039 1689 1093; baseline 0.001 -14"><span class='ocrx_word' id='word_1_102' title='bbox 253 1053 335 1080; x_wconf 85' lang='lat' dir='ltr'>non</span> <span class='ocrx_word' id='word_1_103' title='bbox 359 1041 583 1087; x_wconf 73' lang='lat' dir='ltr'>minuitur,</span> <span class='ocrx_word' id='word_1_104' title='bbox 609 1041 643 1079; x_wconf 93' lang='lat' dir='ltr'>si</span> <span class='ocrx_word' id='word_1_105' title='bbox 665 1052 708 1079; x_wconf 89' lang='lat' dir='ltr'>se</span> <span class='ocrx_word' id='word_1_106' title='bbox 732 1041 766 1079; x_wconf 93' lang='lat' dir='ltr'>is</span> <span class='ocrx_word' id='word_1_107' title='bbox 788 1039 970 1088; x_wconf 67' lang='lat' dir='ltr'>deferat,</span> <span class='ocrx_word' id='word_1_108' title='bbox 1006 1042 1078 1092; x_wconf 90' lang='lat' dir='ltr'>qui</span> <span class='ocrx_word' id='word_1_109' title='bbox 1101 1041 1277 1081; x_wconf 89' lang='lat' dir='ltr'>solidum</span> <span class='ocrx_word' id='word_1_110' title='bbox 1300 1041 1342 1081; x_wconf 91' lang='lat' dir='ltr'>id</span> <span class='ocrx_word' id='word_1_111' title='bbox 1365 1041 1478 1093; x_wconf 89' lang='lat' dir='ltr'>quod</span> <span class='ocrx_word' id='word_1_112' title='bbox 1498 1042 1689 1081; x_wconf 90' lang='lat' dir='ltr'>relictum</span> 
     </span>
    </p>
   </div>
   <div class='ocr_carea' id='block_1_5' title="bbox 206 1097 1691 1203">
    <p class='ocr_par' dir='ltr' id='par_1_8' title="bbox 206 1097 1691 1203">
     <span class='ocr_line' id='line_1_15' title="bbox 255 1097 1690 1150; baseline 0.001 -13"><span class='ocrx_word' id='word_1_113' title='bbox 255 1105 317 1137; x_wconf 87' lang='lat' dir='ltr'>est</span> <span class='ocrx_word' id='word_1_114' title='bbox 339 1110 489 1149; x_wconf 82' lang='lat' dir='ltr'>capere</span> <span class='ocrx_word' id='word_1_115' title='bbox 511 1109 593 1136; x_wconf 87' lang='lat' dir='ltr'>non</span> <span class='ocrx_word' id='word_1_116' title='bbox 615 1103 764 1148; x_wconf 87' lang='lat' dir='ltr'>potest.</span> <span class='ocrx_word' id='word_1_117' title='bbox 801 1110 900 1136; x_wconf 85' lang='lat' dir='ltr'>sane</span> <span class='ocrx_word' id='word_1_118' title='bbox 924 1099 958 1136; x_wconf 92' lang='lat' dir='ltr'>si</span> <span class='ocrx_word' id='word_1_119' title='bbox 979 1104 1071 1149; x_wconf 87' lang='lat' dir='ltr'>post</span> <span class='ocrx_word' id='word_1_120' title='bbox 1093 1097 1203 1138; x_wconf 90' lang='lat' dir='ltr'>diem</span> <span class='ocrx_word' id='word_1_121' title='bbox 1226 1099 1535 1137; x_wconf 88' lang='lat' dir='ltr'>centensimum</span> <span class='ocrx_word' id='word_1_122' title='bbox 1552 1105 1690 1150; x_wconf 88' lang='lat' dir='ltr'>patres</span> 
     </span>
     <span class='ocr_line' id='line_1_16' title="bbox 206 1153 1691 1203; baseline 0.002 -11"><span class='ocrx_word' id='word_1_123' title='bbox 206 1156 226 1192; x_wconf 76' lang='lat'><strong>4</strong></span> <span class='ocrx_word' id='word_1_124' title='bbox 255 1154 457 1194; x_wconf 83' lang='lat' dir='ltr'>caducum</span> <span class='ocrx_word' id='word_1_125' title='bbox 479 1153 709 1203; x_wconf 80' lang='lat' dir='ltr'>uindicem,</span> <span class='ocrx_word' id='word_1_126' title='bbox 746 1155 913 1193; x_wconf 89' lang='lat' dir='ltr'>omnino</span> <span class='ocrx_word' id='word_1_127' title='bbox 936 1155 1031 1193; x_wconf 85' lang='lat' dir='ltr'>fisco</span> <span class='ocrx_word' id='word_1_128' title='bbox 1052 1155 1165 1194; x_wconf 91' lang='lat' dir='ltr'>locus</span> <span class='ocrx_word' id='word_1_129' title='bbox 1187 1168 1269 1194; x_wconf 91' lang='lat' dir='ltr'>non</span> <span class='ocrx_word' id='word_1_130' title='bbox 1293 1161 1368 1194; x_wconf 90' lang='lat' dir='ltr'>est.</span> <span class='ocrx_word' id='word_1_131' title='bbox 1427 1156 1469 1195; x_wconf 90' lang='lat' dir='ltr'>Si</span> <span class='ocrx_word' id='word_1_132' title='bbox 1493 1168 1536 1194; x_wconf 91' lang='lat' dir='ltr'>se</span> <span class='ocrx_word' id='word_1_133' title='bbox 1560 1156 1593 1194; x_wconf 93' lang='lat' dir='ltr'>is</span> <span class='ocrx_word' id='word_1_134' title='bbox 1615 1154 1691 1195; x_wconf 87' lang='lat' dir='ltr'>de-</span> 
     </span>
    </p>
   </div>
   <div class='ocr_carea' id='block_1_6' title="bbox 187 1211 1232 1288">
    <p class='ocr_par' dir='ltr' id='par_1_9' title="bbox 187 1211 1232 1288">
     <span class='ocr_line' id='line_1_17' title="bbox 190 1211 1232 1260; baseline 0.002 -19"><span class='ocrx_word' id='word_1_135' title='bbox 190 1236 200 1260; x_wconf 56' lang='lat'><em>(</em></span> <span class='ocrx_word' id='word_1_136' title='bbox 215 1239 230 1255; x_wconf 50' lang='grc' dir='ltr'>,ι</span> <span class='ocrx_word' id='word_1_137' title='bbox 312 1246 318 1254; x_wconf 41' lang='grc' dir='ltr'>Ι</span> <span class='ocrx_word' id='word_1_138' title='bbox 459 1234 466 1241; x_wconf 88' lang='grc'><em>.</em></span> <span class='ocrx_word' id='word_1_139' title='bbox 559 1234 566 1242; x_wconf 91' lang='grc'><strong>.</strong></span> <span class='ocrx_word' id='word_1_140' title='bbox 747 1213 926 1250; x_wconf 80' lang='lat' dir='ltr'>perierunt</span> <span class='ocrx_word' id='word_1_141' title='bbox 942 1211 1014 1251; x_wconf 82' lang='lat' dir='ltr'>fere</span> <span class='ocrx_word' id='word_1_142' title='bbox 1029 1215 1052 1244; x_wconf 78' lang='lat'><em>3</em></span> <span class='ocrx_word' id='word_1_143' title='bbox 1069 1213 1232 1243; x_wconf 77' lang='lat' dir='ltr'>uersiculi</span> 
     </span>
     <span class='ocr_line' id='line_1_18' title="bbox 187 1230 582 1288; baseline -0.003 -16"><span class='ocrx_word' id='word_1_144' title='bbox 187 1248 221 1272; x_wconf 63' lang='grc' dir='ltr'>-ν</span> <span class='ocrx_word' id='word_1_145' title='bbox 255 1233 376 1284; x_wconf 78' lang='lat' dir='ltr'>feiat,</span> <span class='ocrx_word' id='word_1_146' title='bbox 402 1246 468 1272; x_wconf 83' lang='lat' dir='ltr'>cul</span> <span class='ocrx_word' id='word_1_147' title='bbox 489 1230 582 1288; x_wconf 76' lang='lat' dir='ltr'>taciss</span> 
     </span>
    </p>
   </div>
   <div class='ocr_carea' id='block_1_7' title="bbox 462 1288 752 1343">
    <p class='ocr_par' dir='ltr' id='par_1_10' title="bbox 462 1288 752 1343">
     <span class='ocr_line' id='line_1_19' title="bbox 462 1288 752 1343; baseline 0.01 -18"><span class='ocrx_word' id='word_1_148' title='bbox 462 1288 466 1343; x_wconf 98' lang='grc' dir='ltr'>Ι</span> <span class='ocrx_word' id='word_1_149' title='bbox 492 1306 543 1326; x_wconf 50' lang='grc' dir='ltr'><em>Η</em></span> <span class='ocrx_word' id='word_1_150' title='bbox 566 1296 752 1329; x_wconf 86' lang='lat' dir='ltr'>ceterum</span> 
     </span>
    </p>
   </div>
   <div class='ocr_carea' id='block_1_8' title="bbox 479 1359 533 1399">
    <p class='ocr_par' dir='ltr' id='par_1_11' title="bbox 479 1359 533 1399">
     <span class='ocr_line' id='line_1_20' title="bbox 479 1359 533 1399; baseline 0 -13"><span class='ocrx_word' id='word_1_151' title='bbox 479 1359 533 1399; x_wconf 70' lang='lat' dir='ltr'>gu</span> 
     </span>
    </p>
   </div>
   <div class='ocr_carea' id='block_1_9' title="bbox 207 1235 1759 1743">
    <p class='ocr_par' dir='ltr' id='par_1_12' title="bbox 1405 1235 1757 1288">
     <span class='ocr_line' id='line_1_21' title="bbox 1405 1235 1757 1288; baseline 0.011 -17"><span class='ocrx_word' id='word_1_152' title='bbox 1405 1235 1495 1288; x_wconf 48' lang='lat' dir='ltr'>lm*</span> <span class='ocrx_word' id='word_1_153' title='bbox 1519 1235 1689 1275; x_wconf 67' lang='lat' dir='ltr'>consid*</span> <span class='ocrx_word' id='word_1_154' title='bbox 1719 1242 1757 1270; x_wconf 77' lang='lat'>⁴0</span> 
     </span>
    </p>

    <p class='ocr_par' dir='ltr' id='par_1_13' title="bbox 982 1290 1574 1346">
     <span class='ocr_line' id='line_1_22' title="bbox 982 1290 1574 1346; baseline 0.002 -16"><span class='ocrx_word' id='word_1_155' title='bbox 982 1290 986 1343; x_wconf 91' lang='grc' dir='ltr'>Ι</span> <span class='ocrx_word' id='word_1_156' title='bbox 1018 1297 1101 1330; x_wconf 88' lang='lat' dir='ltr'>tam</span> <span class='ocrx_word' id='word_1_157' title='bbox 1122 1304 1341 1343; x_wconf 79' lang='lat' dir='ltr'>personam</span> <span class='ocrx_word' id='word_1_158' title='bbox 1571 1290 1574 1346; x_wconf 90' lang='grc' dir='ltr'>Ι</span> 
     </span>
    </p>

    <p class='ocr_par' dir='ltr' id='par_1_14' title="bbox 256 1346 1693 1459">
     <span class='ocr_line' id='line_1_23' title="bbox 752 1346 1693 1402; baseline 0.005 -21"><span class='ocrx_word' id='word_1_159' title='bbox 752 1346 755 1398; x_wconf 96' lang='grc' dir='ltr'>Ι</span> <span class='ocrx_word' id='word_1_160' title='bbox 790 1363 927 1383; x_wconf 47' lang='lat' dir='ltr'>mem*</span> <span class='ocrx_word' id='word_1_161' title='bbox 959 1349 1048 1387; x_wconf 90' lang='lat' dir='ltr'>eius</span> <span class='ocrx_word' id='word_1_162' title='bbox 1081 1350 1140 1388; x_wconf 89' lang='lat' dir='ltr'>rei</span> <span class='ocrx_word' id='word_1_163' title='bbox 1381 1347 1384 1402; x_wconf 96' lang='grc' dir='ltr'>Ι</span> <span class='ocrx_word' id='word_1_164' title='bbox 1419 1364 1528 1385; x_wconf 52' lang='lat' dir='ltr'>*m*</span> <span class='ocrx_word' id='word_1_165' title='bbox 1560 1349 1693 1388; x_wconf 84' lang='lat' dir='ltr'>nister</span> 
     </span>
     <span class='ocr_line' id='line_1_24' title="bbox 256 1402 1687 1459; baseline -0.001 -15"><span class='ocrx_word' id='word_1_166' title='bbox 256 1417 355 1444; x_wconf 90' lang='lat' dir='ltr'>uero</span> <span class='ocrx_word' id='word_1_167' title='bbox 378 1403 418 1442; x_wconf 72' lang='lat' dir='ltr'>f*</span> <span class='ocrx_word' id='word_1_168' title='bbox 537 1402 540 1457; x_wconf 94' lang='grc' dir='ltr'>Ι</span> <span class='ocrx_word' id='word_1_169' title='bbox 567 1420 590 1439; x_wconf 71' lang='lat'><em>*</em></span> <span class='ocrx_word' id='word_1_170' title='bbox 624 1404 902 1456; x_wconf 71' lang='lat' dir='ltr'>quadruplum</span> <span class='ocrx_word' id='word_1_171' title='bbox 926 1421 976 1440; x_wconf 37' lang='lat' dir='ltr'>a*</span> <span class='ocrx_word' id='word_1_172' title='bbox 1001 1405 1005 1458; x_wconf 93' lang='grc' dir='ltr'>Ι</span> <span class='ocrx_word' id='word_1_173' title='bbox 1032 1422 1054 1440; x_wconf 73' lang='lat'><em>*</em></span> <span class='ocrx_word' id='word_1_174' title='bbox 1077 1418 1227 1445; x_wconf 88' lang='lat' dir='ltr'>nomen</span> <span class='ocrx_word' id='word_1_175' title='bbox 1256 1407 1376 1458; x_wconf 90' lang='lat' dir='ltr'>sequi</span> <span class='ocrx_word' id='word_1_176' title='bbox 1400 1406 1533 1445; x_wconf 48' lang='lat' dir='ltr'>fisffl*</span> <span class='ocrx_word' id='word_1_177' title='bbox 1558 1405 1561 1459; x_wconf 96' lang='grc' dir='ltr'>Ι</span> <span class='ocrx_word' id='word_1_178' title='bbox 1588 1412 1687 1445; x_wconf 59' lang='lat' dir='ltr'>*tet</span> 
     </span>
    </p>

    <p class='ocr_par' dir='ltr' id='par_1_15' title="bbox 207 1461 1759 1571">
     <span class='ocr_line' id='line_1_25' title="bbox 207 1461 1693 1516; baseline 0 -16"><span class='ocrx_word' id='word_1_179' title='bbox 207 1461 229 1499; x_wconf 79' lang='lat'>5</span> <span class='ocrx_word' id='word_1_180' title='bbox 257 1463 366 1500; x_wconf 87' lang='lat' dir='ltr'>Bona</span> <span class='ocrx_word' id='word_1_181' title='bbox 397 1473 537 1500; x_wconf 83' lang='lat' dir='ltr'>eorum</span> <span class='ocrx_word' id='word_1_182' title='bbox 568 1461 641 1512; x_wconf 91' lang='lat' dir='ltr'>qui</span> <span class='ocrx_word' id='word_1_183' title='bbox 671 1473 763 1500; x_wconf 87' lang='lat' dir='ltr'>cum</span> <span class='ocrx_word' id='word_1_184' title='bbox 795 1461 893 1502; x_wconf 86' lang='lat' dir='ltr'>fisco</span> <span class='ocrx_word' id='word_1_185' title='bbox 914 1462 1165 1502; x_wconf 82' lang='lat' dir='ltr'>contrahunt</span> <span class='ocrx_word' id='word_1_186' title='bbox 1186 1478 1237 1498; x_wconf 59' lang='grc' dir='ltr'><em>Η</em></span> <span class='ocrx_word' id='word_1_187' title='bbox 1263 1462 1266 1516; x_wconf 91' lang='grc' dir='ltr'>Ι</span> <span class='ocrx_word' id='word_1_188' title='bbox 1292 1476 1341 1502; x_wconf 68' lang='lat' dir='ltr'>*e</span> <span class='ocrx_word' id='word_1_189' title='bbox 1363 1464 1557 1503; x_wconf 81' lang='lat' dir='ltr'>uacuaria</span> <span class='ocrx_word' id='word_1_190' title='bbox 1578 1463 1693 1502; x_wconf 90' lang='lat' dir='ltr'>uelut</span> 
     </span>
     <span class='ocr_line' id='line_1_26' title="bbox 255 1517 1759 1571; baseline 0.001 -14"><span class='ocrx_word' id='word_1_191' title='bbox 255 1518 438 1571; x_wconf 75' lang='lat' dir='ltr'>piynoris</span> <span class='ocrx_word' id='word_1_192' title='bbox 460 1519 551 1557; x_wconf 90' lang='lat' dir='ltr'>iure</span> <span class='ocrx_word' id='word_1_193' title='bbox 574 1517 669 1557; x_wconf 88' lang='lat' dir='ltr'>fisco</span> <span class='ocrx_word' id='word_1_194' title='bbox 692 1517 936 1571; x_wconf 41' lang='lat' dir='ltr'>obl&#39;z&#39;yantur,</span> <span class='ocrx_word' id='word_1_195' title='bbox 962 1531 1045 1558; x_wconf 86' lang='lat' dir='ltr'>non</span> <span class='ocrx_word' id='word_1_196' title='bbox 1068 1520 1199 1559; x_wconf 89' lang='lat' dir='ltr'>solum</span> <span class='ocrx_word' id='word_1_197' title='bbox 1223 1533 1270 1559; x_wconf 81' lang='lat' dir='ltr'>ea</span> <span class='ocrx_word' id='word_1_198' title='bbox 1292 1532 1398 1571; x_wconf 80' lang='lat' dir='ltr'>quae</span> <span class='ocrx_word' id='word_1_199' title='bbox 1420 1519 1586 1570; x_wconf 80' lang='lat' dir='ltr'>habent,</span> <span class='ocrx_word' id='word_1_200' title='bbox 1620 1519 1693 1559; x_wconf 88' lang='lat' dir='ltr'>sed</span> <span class='ocrx_word' id='word_1_201' title='bbox 1721 1527 1759 1554; x_wconf 59' lang='grc' dir='ltr'><strong><em>Μ</em></strong></span> 
     </span>
    </p>

    <p class='ocr_par' dir='ltr' id='par_1_16' title="bbox 208 1574 1696 1743">
     <span class='ocr_line' id='line_1_27' title="bbox 208 1574 1688 1627; baseline 0.001 -13"><span class='ocrx_word' id='word_1_202' title='bbox 208 1577 230 1613; x_wconf 81' lang='grc'>6</span> <span class='ocrx_word' id='word_1_203' title='bbox 259 1581 293 1614; x_wconf 86' lang='lat' dir='ltr'>et</span> <span class='ocrx_word' id='word_1_204' title='bbox 315 1589 363 1614; x_wconf 81' lang='lat' dir='ltr'>ea</span> <span class='ocrx_word' id='word_1_205' title='bbox 385 1587 492 1626; x_wconf 83' lang='lat' dir='ltr'>quae</span> <span class='ocrx_word' id='word_1_206' title='bbox 514 1581 657 1627; x_wconf 85' lang='lat' dir='ltr'>postea</span> <span class='ocrx_word' id='word_1_207' title='bbox 679 1574 862 1614; x_wconf 77' lang='lat' dir='ltr'>habituri</span> <span class='ocrx_word' id='word_1_208' title='bbox 886 1582 996 1615; x_wconf 88' lang='lat' dir='ltr'>sunt.</span> <span class='ocrx_word' id='word_1_209' title='bbox 1041 1576 1185 1617; x_wconf 88' lang='lat' dir='ltr'>Edicto</span> <span class='ocrx_word' id='word_1_210' title='bbox 1208 1577 1297 1617; x_wconf 89' lang='lat' dir='ltr'>diui</span> <span class='ocrx_word' id='word_1_211' title='bbox 1320 1578 1484 1616; x_wconf 86' lang='lat' dir='ltr'>Traiani</span> <span class='ocrx_word' id='word_1_212' title='bbox 1507 1582 1688 1623; x_wconf 67' lang='lat' dir='ltr'>cauetur,</span> 
     </span>
     <span class='ocr_line' id='line_1_28' title="bbox 260 1632 1691 1684; baseline 0 -13"><span class='ocrx_word' id='word_1_213' title='bbox 260 1646 312 1672; x_wconf 84' lang='lat' dir='ltr'>ne</span> <span class='ocrx_word' id='word_1_214' title='bbox 343 1633 414 1683; x_wconf 88' lang='lat' dir='ltr'>qui</span> <span class='ocrx_word' id='word_1_215' title='bbox 446 1632 767 1684; x_wconf 87' lang='lat' dir='ltr'>prouincialium</span> <span class='ocrx_word' id='word_1_216' title='bbox 799 1645 891 1671; x_wconf 85' lang='lat' dir='ltr'>eum</span> <span class='ocrx_word' id='word_1_217' title='bbox 920 1633 1056 1672; x_wconf 89' lang='lat' dir='ltr'>seruis</span> <span class='ocrx_word' id='word_1_218' title='bbox 1085 1633 1296 1673; x_wconf 81' lang='lat' dir='ltr'>fiscalibus</span> <span class='ocrx_word' id='word_1_219' title='bbox 1332 1634 1579 1673; x_wconf 78' lang='lat' dir='ltr'>contrahant</span> <span class='ocrx_word' id='word_1_220' title='bbox 1612 1634 1691 1672; x_wconf 89' lang='lat' dir='ltr'>nisi</span> 
     </span>
     <span class='ocr_line' id='line_1_29' title="bbox 259 1689 1696 1743; baseline 0.001 -15"><span class='ocrx_word' id='word_1_221' title='bbox 259 1689 503 1741; x_wconf 77' lang='lat' dir='ltr'>adsignante</span> <span class='ocrx_word' id='word_1_222' title='bbox 531 1696 820 1740; x_wconf 86' lang='lat' dir='ltr'>procuratore:</span> <span class='ocrx_word' id='word_1_223' title='bbox 858 1689 969 1740; x_wconf 84' lang='lat' dir='ltr'>quod</span> <span class='ocrx_word' id='word_1_224' title='bbox 1000 1689 1153 1730; x_wconf 88' lang='lat' dir='ltr'>factum</span> <span class='ocrx_word' id='word_1_225' title='bbox 1183 1691 1300 1743; x_wconf 87' lang='lat' dir='ltr'>dupli</span> <span class='ocrx_word' id='word_1_226' title='bbox 1333 1691 1482 1730; x_wconf 86' lang='lat' dir='ltr'>damno</span> <span class='ocrx_word' id='word_1_227' title='bbox 1503 1691 1572 1730; x_wconf 89' lang='lat' dir='ltr'>uel</span> <span class='ocrx_word' id='word_1_228' title='bbox 1595 1691 1696 1729; x_wconf 89' lang='lat' dir='ltr'>reli-</span> 
     </span>
    </p>
   </div>
   <div class='ocr_carea' id='block_1_10' title="bbox 260 1746 1421 1880">
    <p class='ocr_par' dir='ltr' id='par_1_17' title="bbox 260 1746 1421 1880">
     <span class='ocr_line' id='line_1_30' title="bbox 260 1746 1421 1803; baseline 0 -17"><span class='ocrx_word' id='word_1_229' title='bbox 260 1758 436 1798; x_wconf 87' lang='lat' dir='ltr'>quorum</span> <span class='ocrx_word' id='word_1_230' title='bbox 460 1746 723 1785; x_wconf 76' lang='lat' dir='ltr'>eoesolutione</span> <span class='ocrx_word' id='word_1_231' title='bbox 744 1753 953 1798; x_wconf 82' lang='lat' dir='ltr'>pensatur.</span> <span class='ocrx_word' id='word_1_232' title='bbox 999 1754 1038 1786; x_wconf 84' lang='lat' dir='ltr'>et</span> <span class='ocrx_word' id='word_1_233' title='bbox 1071 1747 1164 1787; x_wconf 91' lang='lat' dir='ltr'>ideo</span> <span class='ocrx_word' id='word_1_234' title='bbox 1193 1750 1266 1800; x_wconf 84' lang='lat' dir='ltr'>qui</span> <span class='ocrx_word' id='word_1_235' title='bbox 1297 1761 1389 1789; x_wconf 84' lang='lat' dir='ltr'>cum</span> <span class='ocrx_word' id='word_1_236' title='bbox 1409 1746 1421 1803; x_wconf 94' lang='grc' dir='ltr'>ΙΙ</span> 
     </span>
     <span class='ocr_line' id='line_1_31' title="bbox 320 1803 1086 1880; baseline 0 -46"><span class='ocrx_word' id='word_1_237' title='bbox 320 1805 501 1843; x_wconf 77' lang='lat' dir='ltr'>perierunt</span> <span class='ocrx_word' id='word_1_238' title='bbox 515 1803 588 1842; x_wconf 84' lang='lat' dir='ltr'>sere</span> <span class='ocrx_word' id='word_1_239' title='bbox 603 1806 625 1835; x_wconf 78' lang='lat'><em>3</em></span> <span class='ocrx_word' id='word_1_240' title='bbox 642 1803 806 1834; x_wconf 82' lang='lat' dir='ltr'>uersiculi</span> <span class='ocrx_word' id='word_1_241' title='bbox 1082 1824 1086 1880; x_wconf 91' lang='grc' dir='ltr'>Ι</span> 
     </span>
    </p>
   </div>
   <div class='ocr_carea' id='block_1_11' title="bbox 255 1314 457 1317">
    <p class='ocr_par' dir='ltr' id='par_1_18' title="bbox 255 1314 457 1317">
     <span class='ocr_line' id='line_1_32' title="bbox 255 1314 457 1317; baseline 0 0"><span class='ocrx_word' id='word_1_242' title='bbox 255 1314 457 1317; x_wconf 95' lang='lat' dir='ltr'> </span> 
     </span>
    </p>
   </div>
   <div class='ocr_carea' id='block_1_12' title="bbox 774 1314 976 1317">
    <p class='ocr_par' dir='ltr' id='par_1_19' title="bbox 774 1314 976 1317">
     <span class='ocr_line' id='line_1_33' title="bbox 774 1314 976 1317; baseline 0 0"><span class='ocrx_word' id='word_1_243' title='bbox 774 1314 976 1317; x_wconf 95' lang='lat' dir='ltr'> </span> 
     </span>
    </p>
   </div>
   <div class='ocr_carea' id='block_1_13' title="bbox 1363 1316 1563 1320">
    <p class='ocr_par' dir='ltr' id='par_1_20' title="bbox 1363 1316 1563 1320">
     <span class='ocr_line' id='line_1_34' title="bbox 1363 1316 1563 1320; baseline 0 0"><span class='ocrx_word' id='word_1_244' title='bbox 1363 1316 1563 1320; x_wconf 95' lang='lat' dir='ltr'> </span> 
     </span>
    </p>
   </div>
   <div class='ocr_carea' id='block_1_14' title="bbox 1580 1315 1691 1320">
    <p class='ocr_par' dir='ltr' id='par_1_21' title="bbox 1580 1315 1691 1320">
     <span class='ocr_line' id='line_1_35' title="bbox 1580 1315 1691 1320; baseline 0 0"><span class='ocrx_word' id='word_1_245' title='bbox 1580 1315 1691 1320; x_wconf 95' lang='lat' dir='ltr'> </span> 
     </span>
    </p>
   </div>
   <div class='ocr_carea' id='block_1_15' title="bbox 255 1370 459 1375">
    <p class='ocr_par' dir='ltr' id='par_1_22' title="bbox 255 1370 459 1375">
     <span class='ocr_line' id='line_1_36' title="bbox 255 1370 459 1375; baseline 0 0"><span class='ocrx_word' id='word_1_246' title='bbox 255 1370 459 1375; x_wconf 95' lang='lat' dir='ltr'> </span> 
     </span>
    </p>
   </div>
   <div class='ocr_carea' id='block_1_16' title="bbox 542 1371 747 1374">
    <p class='ocr_par' dir='ltr' id='par_1_23' title="bbox 542 1371 747 1374">
     <span class='ocr_line' id='line_1_37' title="bbox 542 1371 747 1374; baseline 0 0"><span class='ocrx_word' id='word_1_247' title='bbox 542 1371 747 1374; x_wconf 95' lang='lat' dir='ltr'> </span> 
     </span>
    </p>
   </div>
   <div class='ocr_carea' id='block_1_17' title="bbox 1172 1373 1376 1376">
    <p class='ocr_par' dir='ltr' id='par_1_24' title="bbox 1172 1373 1376 1376">
     <span class='ocr_line' id='line_1_38' title="bbox 1172 1373 1376 1376; baseline 0 0"><span class='ocrx_word' id='word_1_248' title='bbox 1172 1373 1376 1376; x_wconf 95' lang='lat' dir='ltr'> </span> 
     </span>
    </p>
   </div>
   <div class='ocr_carea' id='block_1_18' title="bbox 421 1428 533 1433">
    <p class='ocr_par' dir='ltr' id='par_1_25' title="bbox 421 1428 533 1433">
     <span class='ocr_line' id='line_1_39' title="bbox 421 1428 533 1433; baseline 0 0"><span class='ocrx_word' id='word_1_249' title='bbox 421 1428 533 1433; x_wconf 95' lang='lat' dir='ltr'> </span> 
     </span>
    </p>
   </div>
   <div class='ocr_carea' id='block_1_19' title="bbox 1090 1851 1294 1855">
    <p class='ocr_par' dir='ltr' id='par_1_26' title="bbox 1090 1851 1294 1855">
     <span class='ocr_line' id='line_1_40' title="bbox 1090 1851 1294 1855; baseline 0 0"><span class='ocrx_word' id='word_1_250' title='bbox 1090 1851 1294 1855; x_wconf 95' lang='lat' dir='ltr'> </span> 
     </span>
    </p>
   </div>
   <div class='ocr_carea' id='block_1_20' title="bbox 1509 1852 1621 1856">
    <p class='ocr_par' dir='ltr' id='par_1_27' title="bbox 1509 1852 1621 1856">
     <span class='ocr_line' id='line_1_41' title="bbox 1509 1852 1621 1856; baseline 0 0"><span class='ocrx_word' id='word_1_251' title='bbox 1509 1852 1621 1856; x_wconf 95' lang='lat' dir='ltr'> </span> 
     </span>
    </p>
   </div>
   <div class='ocr_carea' id='block_1_21' title="bbox 449 1905 651 1910">
    <p class='ocr_par' dir='ltr' id='par_1_28' title="bbox 449 1905 651 1910">
     <span class='ocr_line' id='line_1_42' title="bbox 449 1905 651 1910; baseline 0 0"><span class='ocrx_word' id='word_1_252' title='bbox 449 1905 651 1910; x_wconf 95' lang='lat' dir='ltr'> </span> 
     </span>
    </p>
   </div>
   <div class='ocr_carea' id='block_1_22' title="bbox 1132 1908 1336 1912">
    <p class='ocr_par' dir='ltr' id='par_1_29' title="bbox 1132 1908 1336 1912">
     <span class='ocr_line' id='line_1_43' title="bbox 1132 1908 1336 1912; baseline 0 0"><span class='ocrx_word' id='word_1_253' title='bbox 1132 1908 1336 1912; x_wconf 95' lang='lat' dir='ltr'> </span> 
     </span>
    </p>
   </div>
   <div class='ocr_carea' id='block_1_23' title="bbox 1559 1907 1671 1912">
    <p class='ocr_par' dir='ltr' id='par_1_30' title="bbox 1559 1907 1671 1912">
     <span class='ocr_line' id='line_1_44' title="bbox 1559 1907 1671 1912; baseline 0 0"><span class='ocrx_word' id='word_1_254' title='bbox 1559 1907 1671 1912; x_wconf 95' lang='lat' dir='ltr'> </span> 
     </span>
    </p>
   </div>
   <div class='ocr_carea' id='block_1_24' title="bbox 880 1963 969 1968">
    <p class='ocr_par' dir='ltr' id='par_1_31' title="bbox 880 1963 969 1968">
     <span class='ocr_line' id='line_1_45' title="bbox 880 1963 969 1968; baseline 0 0"><span class='ocrx_word' id='word_1_255' title='bbox 880 1963 969 1968; x_wconf 95' lang='lat' dir='ltr'> </span> 
     </span>
    </p>
   </div>
   <div class='ocr_carea' id='block_1_25' title="bbox 261 1826 1762 2413">
    <p class='ocr_par' dir='ltr' id='par_1_32' title="bbox 1313 1826 1762 1881">
     <span class='ocr_line' id='line_1_46' title="bbox 1313 1826 1762 1881; baseline -0.013 -14"><span class='ocrx_word' id='word_1_256' title='bbox 1313 1841 1384 1866; x_wconf 88' lang='lat' dir='ltr'>um</span> <span class='ocrx_word' id='word_1_257' title='bbox 1405 1843 1455 1863; x_wconf 53' lang='lat' dir='ltr'>ae*</span> <span class='ocrx_word' id='word_1_258' title='bbox 1481 1826 1486 1881; x_wconf 96' lang='grc' dir='ltr'>Ι</span> <span class='ocrx_word' id='word_1_259' title='bbox 1624 1840 1695 1867; x_wconf 82' lang='lat' dir='ltr'>cus</span> <span class='ocrx_word' id='word_1_260' title='bbox 1723 1833 1762 1861; x_wconf 65' lang='grc' dir='ltr'>ΞΟ</span> 
     </span>
    </p>

    <p class='ocr_par' dir='ltr' id='par_1_33' title="bbox 261 1880 1696 1995">
     <span class='ocr_line' id='line_1_47' title="bbox 261 1880 1695 1937; baseline 0.001 -16"><span class='ocrx_word' id='word_1_261' title='bbox 261 1883 413 1923; x_wconf 53' lang='lat' dir='ltr'>idom*</span> <span class='ocrx_word' id='word_1_262' title='bbox 438 1880 442 1937; x_wconf 98' lang='grc' dir='ltr'>Ι</span> <span class='ocrx_word' id='word_1_263' title='bbox 671 1889 813 1921; x_wconf 87' lang='lat' dir='ltr'>contra</span> <span class='ocrx_word' id='word_1_264' title='bbox 844 1895 1076 1934; x_wconf 51' lang='lat' dir='ltr'>animmque</span> <span class='ocrx_word' id='word_1_265' title='bbox 1105 1882 1108 1933; x_wconf 84' lang='grc' dir='ltr'>Ι</span> <span class='ocrx_word' id='word_1_266' title='bbox 1338 1883 1554 1937; x_wconf 43' lang='lat' dir='ltr'>sawln——l</span> <span class='ocrx_word' id='word_1_267' title='bbox 1675 1897 1695 1922; x_wconf 89' lang='lat'>0</span> 
     </span>
     <span class='ocr_line' id='line_1_48' title="bbox 261 1938 1696 1995; baseline 0.001 -17"><span class='ocrx_word' id='word_1_268' title='bbox 261 1938 638 1986; x_wconf 73' lang='lat' dir='ltr'>contrax—-l———i</span> <span class='ocrx_word' id='word_1_269' title='bbox 661 1952 740 1978; x_wconf 92' lang='lat' dir='ltr'>non</span> <span class='ocrx_word' id='word_1_270' title='bbox 766 1941 807 1978; x_wconf 91' lang='lat' dir='ltr'>in</span> <span class='ocrx_word' id='word_1_271' title='bbox 827 1953 876 1979; x_wconf 88' lang='lat' dir='ltr'>cu</span> <span class='ocrx_word' id='word_1_272' title='bbox 973 1938 976 1993; x_wconf 95' lang='grc' dir='ltr'>Ι</span> <span class='ocrx_word' id='word_1_273' title='bbox 999 1954 1080 1979; x_wconf 64' lang='lat' dir='ltr'>*u*</span> <span class='ocrx_word' id='word_1_274' title='bbox 1099 1946 1240 1980; x_wconf 76' lang='lat' dir='ltr'>tamen</span> <span class='ocrx_word' id='word_1_275' title='bbox 1257 1954 1396 1980; x_wconf 83' lang='lat' dir='ltr'>eorum</span> <span class='ocrx_word' id='word_1_276' title='bbox 1420 1957 1471 1977; x_wconf 47' lang='lat' dir='ltr'>aa*</span> <span class='ocrx_word' id='word_1_277' title='bbox 1496 1938 1501 1995; x_wconf 94' lang='grc' dir='ltr'>Ι</span> <span class='ocrx_word' id='word_1_278' title='bbox 1528 1957 1578 1976; x_wconf 52' lang='lat'>*2*</span> <span class='ocrx_word' id='word_1_279' title='bbox 1597 1953 1696 1980; x_wconf 89' lang='lat' dir='ltr'>uere</span> 
     </span>
    </p>

    <p class='ocr_par' dir='ltr' id='par_1_34' title="bbox 262 2144 1701 2413">
     <span class='ocr_line' id='line_1_49' title="bbox 355 2144 1696 2186; baseline 0.001 -12"><span class='ocrx_word' id='word_1_280' title='bbox 355 2147 365 2174; x_wconf 77' lang='grc'>4</span> <span class='ocrx_word' id='word_1_281' title='bbox 400 2144 563 2184; x_wconf 37' lang='lat' dir='ltr'>mnan]</span> <span class='ocrx_word' id='word_1_282' title='bbox 591 2145 759 2185; x_wconf 60' lang='lat' dir='ltr'>**inquat</span> <span class='ocrx_word' id='word_1_283' title='bbox 789 2145 839 2176; x_wconf 83' lang='lat' dir='ltr'>C‘?</span> <span class='ocrx_word' id='word_1_284' title='bbox 895 2144 908 2184; x_wconf 85' lang='grc' dir='ltr'>ΙΙ</span> <span class='ocrx_word' id='word_1_285' title='bbox 963 2146 1039 2176; x_wconf 91' lang='lat' dir='ltr'>eius</span> <span class='ocrx_word' id='word_1_286' title='bbox 1065 2147 1122 2186; x_wconf 88' lang='lat' dir='ltr'>qui</span> <span class='ocrx_word' id='word_1_287' title='bbox 1148 2147 1196 2177; x_wconf 74' lang='lat' dir='ltr'>bis</span> <span class='ocrx_word' id='word_1_288' title='bbox 1224 2146 1266 2178; x_wconf 77' lang='lat' dir='ltr'>Ca</span> <span class='ocrx_word' id='word_1_289' title='bbox 1321 2146 1333 2186; x_wconf 87' lang='grc' dir='ltr'>ΙΙ</span> <span class='ocrx_word' id='word_1_290' title='bbox 1390 2148 1408 2176; x_wconf 73' lang='lat'><strong>2</strong></span> <span class='ocrx_word' id='word_1_291' title='bbox 1435 2155 1504 2178; x_wconf 87' lang='lat' dir='ltr'>non</span> <span class='ocrx_word' id='word_1_292' title='bbox 1534 2146 1696 2186; x_wconf 69' lang='lat' dir='ltr'>Saviqny,</span> 
     </span>
     <span class='ocr_line' id='line_1_50' title="bbox 262 2189 1697 2232; baseline 0 -11"><span class='ocrx_word' id='word_1_293' title='bbox 262 2199 326 2222; x_wconf 85' lang='lat' dir='ltr'>om.</span> <span class='ocrx_word' id='word_1_294' title='bbox 353 2190 378 2222; x_wconf 87' lang='lat' dir='ltr'><strong><em>C</em></strong></span> <span class='ocrx_word' id='word_1_295' title='bbox 439 2189 453 2230; x_wconf 87' lang='grc' dir='ltr'>ΙΙ</span> <span class='ocrx_word' id='word_1_296' title='bbox 518 2191 534 2219; x_wconf 89' lang='lat'><strong>3</strong></span> <span class='ocrx_word' id='word_1_297' title='bbox 561 2189 770 2222; x_wconf 80' lang='lat' dir='ltr'>defunctum</span> <span class='ocrx_word' id='word_1_298' title='bbox 799 2190 980 2228; x_wconf 81' lang='lat' dir='ltr'>Goeschen,</span> <span class='ocrx_word' id='word_1_299' title='bbox 1009 2191 1145 2222; x_wconf 48' lang='lat' dir='ltr'>dmm*</span> <span class='ocrx_word' id='word_1_300' title='bbox 1169 2192 1224 2223; x_wconf 80' lang='lat' dir='ltr'>uel</span> <span class='ocrx_word' id='word_1_301' title='bbox 1248 2191 1408 2223; x_wconf 67' lang='lat' dir='ltr'>de*****</span> <span class='ocrx_word' id='word_1_302' title='bbox 1431 2192 1456 2225; x_wconf 86' lang='lat' dir='ltr'><strong><em>C</em></strong></span> <span class='ocrx_word' id='word_1_303' title='bbox 1516 2191 1529 2232; x_wconf 84' lang='grc' dir='ltr'>ΙΙ</span> <span class='ocrx_word' id='word_1_304' title='bbox 1593 2191 1697 2223; x_wconf 86' lang='lat' dir='ltr'>uellet</span> 
     </span>
     <span class='ocr_line' id='line_1_51' title="bbox 263 2235 1701 2277; baseline 0 -10"><span class='ocrx_word' id='word_1_305' title='bbox 263 2235 430 2273; x_wconf 73' lang='lat' dir='ltr'>Huschke,</span> <span class='ocrx_word' id='word_1_306' title='bbox 450 2244 521 2266; x_wconf 90' lang='lat' dir='ltr'>u-—</span> <span class='ocrx_word' id='word_1_307' title='bbox 542 2236 567 2268; x_wconf 90' lang='lat' dir='ltr'><strong><em>C</em></strong></span> <span class='ocrx_word' id='word_1_308' title='bbox 605 2235 619 2276; x_wconf 86' lang='grc' dir='ltr'>ΙΙ</span> <span class='ocrx_word' id='word_1_309' title='bbox 660 2237 675 2266; x_wconf 78' lang='grc'><strong>4</strong></span> <span class='ocrx_word' id='word_1_310' title='bbox 697 2235 853 2268; x_wconf 86' lang='lat' dir='ltr'>derferre</span> <span class='ocrx_word' id='word_1_311' title='bbox 870 2235 976 2267; x_wconf 86' lang='lat' dir='ltr'>debet</span> <span class='ocrx_word' id='word_1_312' title='bbox 992 2236 1127 2268; x_wconf 88' lang='lat' dir='ltr'>alialias</span> <span class='ocrx_word' id='word_1_313' title='bbox 1150 2237 1192 2269; x_wconf 79' lang='lat' dir='ltr'>Ca</span> <span class='ocrx_word' id='word_1_314' title='bbox 1230 2237 1244 2277; x_wconf 85' lang='grc' dir='ltr'>ΙΙ</span> <span class='ocrx_word' id='word_1_315' title='bbox 1285 2240 1303 2269; x_wconf 87' lang='grc'><strong>5</strong></span> <span class='ocrx_word' id='word_1_316' title='bbox 1324 2237 1508 2276; x_wconf 72' lang='lat' dir='ltr'>coniungit</span> <span class='ocrx_word' id='word_1_317' title='bbox 1529 2237 1553 2269; x_wconf 88' lang='lat' dir='ltr'><strong><em>C</em></strong></span> <span class='ocrx_word' id='word_1_318' title='bbox 1584 2238 1597 2277; x_wconf 86' lang='grc' dir='ltr'>ΙΙ</span> <span class='ocrx_word' id='word_1_319' title='bbox 1637 2246 1701 2277; x_wconf 89' lang='lat' dir='ltr'>per</span> 
     </span>
     <span class='ocr_line' id='line_1_52' title="bbox 263 2280 1697 2321; baseline -0.001 -8"><span class='ocrx_word' id='word_1_320' title='bbox 263 2289 463 2313; x_wconf 71' lang='lat' dir='ltr'>eret-rorem</span> <span class='ocrx_word' id='word_1_321' title='bbox 485 2280 510 2313; x_wconf 89' lang='lat' dir='ltr'><strong><em>C</em></strong></span> <span class='ocrx_word' id='word_1_322' title='bbox 557 2281 570 2320; x_wconf 86' lang='grc' dir='ltr'>ΙΙ</span> <span class='ocrx_word' id='word_1_323' title='bbox 619 2284 636 2312; x_wconf 87' lang='grc'>9</span> <span class='ocrx_word' id='word_1_324' title='bbox 657 2280 765 2313; x_wconf 87' lang='lat' dir='ltr'>fiscus</span> <span class='ocrx_word' id='word_1_325' title='bbox 786 2280 828 2312; x_wconf 82' lang='lat' dir='ltr'>Ca</span> <span class='ocrx_word' id='word_1_326' title='bbox 876 2281 889 2321; x_wconf 87' lang='grc' dir='ltr'>ΙΙ</span> <span class='ocrx_word' id='word_1_327' title='bbox 939 2284 977 2312; x_wconf 61' lang='lat' dir='ltr'>«to</span> <span class='ocrx_word' id='word_1_328' title='bbox 1006 2283 1063 2313; x_wconf 85' lang='lat' dir='ltr'>cui</span> <span class='ocrx_word' id='word_1_329' title='bbox 1083 2283 1231 2314; x_wconf 86' lang='lat' dir='ltr'>tacitum</span> <span class='ocrx_word' id='word_1_330' title='bbox 1248 2282 1568 2315; x_wconf 85' lang='lat' dir='ltr'>fideicommissum</span> <span class='ocrx_word' id='word_1_331' title='bbox 1586 2282 1697 2321; x_wconf 82' lang='lat' dir='ltr'>suppl.</span> 
     </span>
     <span class='ocr_line' id='line_1_53' title="bbox 268 2326 1700 2368; baseline 0 -10"><span class='ocrx_word' id='word_1_332' title='bbox 268 2327 437 2358; x_wconf 83' lang='lat' dir='ltr'>Goeschen</span> <span class='ocrx_word' id='word_1_333' title='bbox 470 2326 483 2365; x_wconf 87' lang='grc' dir='ltr'>ΙΙ</span> <span class='ocrx_word' id='word_1_334' title='bbox 525 2326 602 2367; x_wconf 52' lang='lat' dir='ltr'>*ml</span> <span class='ocrx_word' id='word_1_335' title='bbox 624 2335 705 2358; x_wconf 68' lang='lat' dir='ltr'>*mc</span> <span class='ocrx_word' id='word_1_336' title='bbox 726 2327 792 2365; x_wconf 77' lang='lat' dir='ltr'>&lt;uel</span> <span class='ocrx_word' id='word_1_337' title='bbox 809 2336 826 2358; x_wconf 93' lang='lat' dir='ltr'>e</span> <span class='ocrx_word' id='word_1_338' title='bbox 843 2327 899 2357; x_wconf 87' lang='lat' dir='ltr'>uel</span> <span class='ocrx_word' id='word_1_339' title='bbox 913 2327 936 2358; x_wconf 69' lang='lat' dir='ltr'><em>E</em></span> <span class='ocrx_word' id='word_1_340' title='bbox 952 2328 1006 2358; x_wconf 86' lang='lat' dir='ltr'>uel</span> <span class='ocrx_word' id='word_1_341' title='bbox 1024 2329 1053 2366; x_wconf 77' lang='lat' dir='ltr'>e)</span> <span class='ocrx_word' id='word_1_342' title='bbox 1080 2328 1130 2360; x_wconf 79' lang='lat' dir='ltr'>C?</span> <span class='ocrx_word' id='word_1_343' title='bbox 1170 2329 1183 2368; x_wconf 88' lang='grc' dir='ltr'>ΙΙ</span> <span class='ocrx_word' id='word_1_344' title='bbox 1226 2331 1265 2359; x_wconf 75' lang='grc'>42</span> <span class='ocrx_word' id='word_1_345' title='bbox 1284 2329 1448 2361; x_wconf 87' lang='lat' dir='ltr'>minister</span> <span class='ocrx_word' id='word_1_346' title='bbox 1465 2338 1548 2360; x_wconf 91' lang='lat' dir='ltr'>uero</span> <span class='ocrx_word' id='word_1_347' title='bbox 1567 2327 1700 2359; x_wconf 80' lang='lat' dir='ltr'>fraudis</span> 
     </span>
     <span class='ocr_line' id='line_1_54' title="bbox 264 2372 1701 2413; baseline 0.001 -10"><span class='ocrx_word' id='word_1_348' title='bbox 264 2375 405 2411; x_wconf 78' lang='lat' dir='ltr'>temptat</span> <span class='ocrx_word' id='word_1_349' title='bbox 423 2372 607 2404; x_wconf 80' lang='lat' dir='ltr'>Mommsen</span> <span class='ocrx_word' id='word_1_350' title='bbox 662 2373 675 2411; x_wconf 85' lang='grc' dir='ltr'>ΙΙ</span> <span class='ocrx_word' id='word_1_351' title='bbox 733 2374 772 2402; x_wconf 70' lang='grc'>43</span> <span class='ocrx_word' id='word_1_352' title='bbox 800 2372 943 2413; x_wconf 88' lang='lat' dir='ltr'>nomen]</span> <span class='ocrx_word' id='word_1_353' title='bbox 972 2375 1067 2404; x_wconf 69' lang='lat' dir='ltr'>nci—n.</span> <span class='ocrx_word' id='word_1_354' title='bbox 1101 2373 1132 2411; x_wconf 71' lang='lat' dir='ltr'>(i.</span> <span class='ocrx_word' id='word_1_355' title='bbox 1154 2383 1183 2405; x_wconf 92' lang='lat' dir='ltr'>e.</span> <span class='ocrx_word' id='word_1_356' title='bbox 1205 2383 1334 2406; x_wconf 88' lang='lat' dir='ltr'>nomen</span> <span class='ocrx_word' id='word_1_357' title='bbox 1359 2375 1414 2406; x_wconf 84' lang='lat' dir='ltr'>uel</span> <span class='ocrx_word' id='word_1_358' title='bbox 1439 2374 1592 2412; x_wconf 73' lang='lat' dir='ltr'>nomine)</span> <span class='ocrx_word' id='word_1_359' title='bbox 1628 2372 1652 2405; x_wconf 92' lang='lat' dir='ltr'><em>C</em></span> <span class='ocrx_word' id='word_1_360' title='bbox 1689 2372 1701 2413; x_wconf 75' lang='grc' dir='ltr'>ΙΙ</span> 
     </span>
    </p>
   </div>
   <div class='ocr_carea' id='block_1_26' title="bbox 265 2418 1703 2551">
    <p class='ocr_par' dir='ltr' id='par_1_35' title="bbox 265 2418 1703 2551">
     <span class='ocr_line' id='line_1_55' title="bbox 267 2418 1703 2461; baseline 0 -13"><span class='ocrx_word' id='word_1_361' title='bbox 267 2419 306 2448; x_wconf 67' lang='grc' dir='ltr'>Μ</span> <span class='ocrx_word' id='word_1_362' title='bbox 326 2418 401 2458; x_wconf 80' lang='lat' dir='ltr'>lege</span> <span class='ocrx_word' id='word_1_363' title='bbox 417 2418 646 2450; x_wconf 86' lang='lat' dir='ltr'>uicesimaria</span> <span class='ocrx_word' id='word_1_364' title='bbox 670 2418 744 2457; x_wconf 82' lang='lat' dir='ltr'>(pro</span> <span class='ocrx_word' id='word_1_365' title='bbox 762 2418 941 2456; x_wconf 87' lang='lat' dir='ltr'>uacuaria)</span> <span class='ocrx_word' id='word_1_366' title='bbox 963 2419 1131 2460; x_wconf 67' lang='lat' dir='ltr'>Boeekinq</span> <span class='ocrx_word' id='word_1_367' title='bbox 1163 2419 1176 2460; x_wconf 88' lang='grc' dir='ltr'>ΙΙ</span> <span class='ocrx_word' id='word_1_368' title='bbox 1219 2422 1257 2451; x_wconf 76' lang='grc'>45</span> <span class='ocrx_word' id='word_1_369' title='bbox 1278 2421 1437 2461; x_wconf 83' lang='lat' dir='ltr'>pignoris</span> <span class='ocrx_word' id='word_1_370' title='bbox 1455 2423 1486 2451; x_wconf 89' lang='lat' dir='ltr'>et</span> <span class='ocrx_word' id='word_1_371' title='bbox 1501 2418 1703 2459; x_wconf 79' lang='lat' dir='ltr'>obligantur</span> 
     </span>
     <span class='ocr_line' id='line_1_56' title="bbox 265 2462 1700 2506; baseline 0 -12"><span class='ocrx_word' id='word_1_372' title='bbox 265 2464 413 2494; x_wconf 82' lang='lat' dir='ltr'>restituit</span> <span class='ocrx_word' id='word_1_373' title='bbox 437 2463 535 2495; x_wconf 83' lang='lat' dir='ltr'>Heise</span> <span class='ocrx_word' id='word_1_374' title='bbox 574 2463 587 2503; x_wconf 86' lang='grc' dir='ltr'>ΙΙ</span> <span class='ocrx_word' id='word_1_375' title='bbox 627 2463 734 2494; x_wconf 87' lang='lat' dir='ltr'>habet</span> <span class='ocrx_word' id='word_1_376' title='bbox 755 2463 797 2495; x_wconf 77' lang='lat' dir='ltr'>Ca</span> <span class='ocrx_word' id='word_1_377' title='bbox 839 2462 852 2503; x_wconf 87' lang='grc'>11</span> <span class='ocrx_word' id='word_1_378' title='bbox 903 2465 942 2494; x_wconf 72' lang='grc'>46</span> <span class='ocrx_word' id='word_1_379' title='bbox 961 2466 993 2495; x_wconf 91' lang='lat' dir='ltr'>et</span> <span class='ocrx_word' id='word_1_380' title='bbox 1012 2464 1176 2502; x_wconf 81' lang='lat' dir='ltr'>Huschke,</span> <span class='ocrx_word' id='word_1_381' title='bbox 1198 2474 1263 2497; x_wconf 84' lang='lat' dir='ltr'>om.</span> <span class='ocrx_word' id='word_1_382' title='bbox 1287 2465 1312 2498; x_wconf 87' lang='lat' dir='ltr'><strong><em>C</em></strong></span> <span class='ocrx_word' id='word_1_383' title='bbox 1351 2465 1364 2506; x_wconf 89' lang='grc' dir='ltr'>ΙΙ</span> <span class='ocrx_word' id='word_1_384' title='bbox 1404 2473 1495 2506; x_wconf 84' lang='lat' dir='ltr'>quae</span> <span class='ocrx_word' id='word_1_385' title='bbox 1512 2466 1634 2505; x_wconf 88' lang='lat' dir='ltr'>postea</span> <span class='ocrx_word' id='word_1_386' title='bbox 1652 2464 1700 2494; x_wconf 84' lang='lat' dir='ltr'>bis</span> 
     </span>
     <span class='ocr_line' id='line_1_57' title="bbox 270 2507 1698 2551; baseline -0.001 -11"><span class='ocrx_word' id='word_1_387' title='bbox 270 2507 312 2540; x_wconf 79' lang='lat' dir='ltr'>Ca</span> <span class='ocrx_word' id='word_1_388' title='bbox 365 2507 380 2549; x_wconf 85' lang='grc' dir='ltr'>ΙΙ</span> <span class='ocrx_word' id='word_1_389' title='bbox 437 2511 476 2539; x_wconf 77' lang='grc'>48</span> <span class='ocrx_word' id='word_1_390' title='bbox 502 2508 647 2549; x_wconf 80' lang='lat' dir='ltr'>factum]</span> <span class='ocrx_word' id='word_1_391' title='bbox 675 2511 722 2540; x_wconf 85' lang='lat' dir='ltr'>sic</span> <span class='ocrx_word' id='word_1_392' title='bbox 740 2510 794 2540; x_wconf 89' lang='lat' dir='ltr'>uel</span> <span class='ocrx_word' id='word_1_393' title='bbox 811 2508 944 2540; x_wconf 83' lang='lat' dir='ltr'>factum</span> <span class='ocrx_word' id='word_1_394' title='bbox 963 2521 982 2538; x_wconf 57' lang='grc' dir='ltr'>κε</span> <span class='ocrx_word' id='word_1_395' title='bbox 1004 2508 1048 2541; x_wconf 88' lang='lat' dir='ltr'>C:</span> <span class='ocrx_word' id='word_1_396' title='bbox 1073 2510 1220 2549; x_wconf 82' lang='lat' dir='ltr'>fortasse</span> <span class='ocrx_word' id='word_1_397' title='bbox 1245 2510 1341 2551; x_wconf 93' lang='lat' dir='ltr'>quod</span> <span class='ocrx_word' id='word_1_398' title='bbox 1359 2513 1482 2542; x_wconf 89' lang='lat' dir='ltr'>contra</span> <span class='ocrx_word' id='word_1_399' title='bbox 1501 2509 1631 2541; x_wconf 76' lang='lat' dir='ltr'>factum</span> <span class='ocrx_word' id='word_1_400' title='bbox 1650 2512 1698 2540; x_wconf 83' lang='lat' dir='ltr'>est</span> 
     </span>
    </p>
   </div>
   <div class='ocr_carea' id='block_1_27' title="bbox 264 2552 1702 2687">
    <p class='ocr_par' dir='ltr' id='par_1_36' title="bbox 264 2552 1702 2687">
     <span class='ocr_line' id='line_1_58' title="bbox 266 2552 1701 2596; baseline 0.001 -12"><span class='ocrx_word' id='word_1_401' title='bbox 266 2562 333 2584; x_wconf 82' lang='lat' dir='ltr'>scr.</span> <span class='ocrx_word' id='word_1_402' title='bbox 356 2554 535 2590; x_wconf 78' lang='lat' dir='ltr'>(similiter</span> <span class='ocrx_word' id='word_1_403' title='bbox 552 2554 715 2593; x_wconf 76' lang='lat' dir='ltr'>Huschke)</span> <span class='ocrx_word' id='word_1_404' title='bbox 761 2554 774 2594; x_wconf 86' lang='grc' dir='ltr'>ΙΙ</span> <span class='ocrx_word' id='word_1_405' title='bbox 816 2557 855 2585; x_wconf 77' lang='grc'>49</span> <span class='ocrx_word' id='word_1_406' title='bbox 883 2555 1104 2587; x_wconf 78' lang='lat' dir='ltr'>exsolutione</span> <span class='ocrx_word' id='word_1_407' title='bbox 1122 2556 1329 2593; x_wconf 73' lang='lat' dir='ltr'>Lachmann,</span> <span class='ocrx_word' id='word_1_408' title='bbox 1351 2556 1427 2587; x_wconf 88' lang='lat' dir='ltr'>eius</span> <span class='ocrx_word' id='word_1_409' title='bbox 1445 2555 1621 2587; x_wconf 88' lang='lat' dir='ltr'>solutione</span> <span class='ocrx_word' id='word_1_410' title='bbox 1644 2554 1668 2586; x_wconf 92' lang='lat' dir='ltr'><em>C</em></span> <span class='ocrx_word' id='word_1_411' title='bbox 1688 2552 1701 2596; x_wconf 88' lang='grc' dir='ltr'>ΙΙ</span> 
     </span>
     <span class='ocr_line' id='line_1_59' title="bbox 264 2599 1702 2641; baseline 0.002 -13"><span class='ocrx_word' id='word_1_412' title='bbox 264 2607 329 2638; x_wconf 82' lang='lat' dir='ltr'>pro</span> <span class='ocrx_word' id='word_1_413' title='bbox 345 2601 517 2639; x_wconf 84' lang='lat' dir='ltr'>pensatur</span> <span class='ocrx_word' id='word_1_414' title='bbox 534 2603 596 2639; x_wconf 76' lang='lat' dir='ltr'>(sie</span> <span class='ocrx_word' id='word_1_415' title='bbox 618 2600 802 2632; x_wconf 80' lang='lat' dir='ltr'>Goeschen&#39;</span> <span class='ocrx_word' id='word_1_416' title='bbox 828 2602 937 2640; x_wconf 80' lang='lat' dir='ltr'>possis</span> <span class='ocrx_word' id='word_1_417' title='bbox 955 2602 1055 2632; x_wconf 83' lang='lat' dir='ltr'>etiam</span> <span class='ocrx_word' id='word_1_418' title='bbox 1072 2600 1235 2641; x_wconf 85' lang='lat' dir='ltr'>pulsatur</span> <span class='ocrx_word' id='word_1_419' title='bbox 1250 2602 1429 2632; x_wconf 84' lang='lat' dir='ltr'>restituere</span> <span class='ocrx_word' id='word_1_420' title='bbox 1483 2599 1497 2641; x_wconf 84' lang='grc' dir='ltr'>ΙΙ</span> <span class='ocrx_word' id='word_1_421' title='bbox 1553 2602 1588 2630; x_wconf 69' lang='grc'>21</span> <span class='ocrx_word' id='word_1_422' title='bbox 1622 2599 1702 2631; x_wconf 86' lang='lat' dir='ltr'>ido-</span> 
     </span>
     <span class='ocr_line' id='line_1_60' title="bbox 269 2644 1383 2687; baseline 0.002 -13"><span class='ocrx_word' id='word_1_423' title='bbox 269 2653 333 2675; x_wconf 61' lang='lat' dir='ltr'>ne*</span> <span class='ocrx_word' id='word_1_424' title='bbox 353 2644 370 2675; x_wconf 72' lang='lat' dir='ltr'>f&gt;</span> <span class='ocrx_word' id='word_1_425' title='bbox 408 2644 422 2684; x_wconf 87' lang='grc' dir='ltr'>ΙΙ</span> <span class='ocrx_word' id='word_1_426' title='bbox 463 2647 504 2675; x_wconf 73' lang='lat'>‘22</span> <span class='ocrx_word' id='word_1_427' title='bbox 531 2645 692 2686; x_wconf 77' lang='lat' dir='ltr'>contrax]</span> <span class='ocrx_word' id='word_1_428' title='bbox 719 2648 841 2677; x_wconf 85' lang='lat' dir='ltr'>contra</span> <span class='ocrx_word' id='word_1_429' title='bbox 861 2656 903 2677; x_wconf 80' lang='lat' dir='ltr'>ax</span> <span class='ocrx_word' id='word_1_430' title='bbox 926 2646 966 2678; x_wconf 77' lang='lat' dir='ltr'>Ca</span> <span class='ocrx_word' id='word_1_431' title='bbox 1006 2647 1019 2687; x_wconf 87' lang='grc' dir='ltr'>ΙΙ</span> <span class='ocrx_word' id='word_1_432' title='bbox 1060 2646 1202 2686; x_wconf 45' lang='lat' dir='ltr'>¹{za-suere]</span> <span class='ocrx_word' id='word_1_433' title='bbox 1224 2647 1383 2678; x_wconf 70' lang='lat' dir='ltr'>cauere‘.²</span> 
     </span>
    </p>
   </div>
   <div class='ocr_carea' id='block_1_28' title="bbox 1359 2702 1430 2732">
    <p class='ocr_par' dir='ltr' id='par_1_37' title="bbox 1359 2702 1430 2732">
     <span class='ocr_line' id='line_1_61' title="bbox 1359 2702 1430 2732; baseline 0 0"><span class='ocrx_word' id='word_1_434' title='bbox 1359 2702 1430 2732; x_wconf 67' lang='lat' dir='ltr'>ll*</span> 
     </span>
    </p>
   </div>
  </div>
 </body>
</html>
