1942 3081
296 915 320 952 ἰῶ

347 116 444 148 Paul.
467 116 615 153 11‚4-—7
866 140 980 146 —-
1039 117 1092 157 (52
1151 139 1265 145 —.

347 242 381 280 si
404 242 446 280 in
468 241 591 281 aliam
621 254 787 282 causam
809 241 1053 282 commodati
1076 248 1194 293 sunt,
1228 242 1334 282 actio
1366 242 1610 282 commodati
1636 241 1781 282 datur:

346 297 533 338 custodia
556 299 669 338 enim
691 306 731 340 et
753 299 966 352 diligentia
990 300 1049 339 rei
1072 299 1352 339 commodatae
1376 298 1623 352 praestanda
1647 307 1723 339 est.

463 413 504 452 Si
528 426 615 452 rem
645 415 902 453 aestimatam
926 413 1002 453 tibi
1024 413 1201 464 dedero⁷
1238 420 1281 453 ut
1305 426 1351 453 ea
1375 412 1572 452 distracta
1601 414 1784 465 pretium

347 469 399 509 ad
417 483 481 510 me
500 470 702 522 deferres,
729 483 859 522 eaque.
878 471 1074 523 perierit:
1102 472 1136 510 si
1159 469 1329 522 quidem
1352 484 1426 521 ego
1450 477 1488 509 te
1512 471 1668 523 rogaui,
1695 483 1785 510 meo

347 527 534 579 periculo
564 528 695 580 perit:
737 529 770 567 si
803 535 845 567 tu
885 528 936 567 de
968 527 1189 568 uendenda
1221 528 1460 579 promisisti,
1501 534 1570 567 tuo
1600 527 1785 579 periculo

346 585 470 636 perit.

859 720 895 772 [v
954 734 1002 759 nr„
1035 721 1273 772 mexomnvs}

463 799 652 839 Creditor
681 800 714 839 si
748 801 996 851 simpliciter
1017 800 1097 840 sihi
1119 802 1273 852 pignus
1296 800 1531 852 depositum
1553 800 1786 840 distrahere

347 858 464 907 uelit,
487 864 552 896 ter
568 863 664 896 ante
687 856 938 896 denuntiare
961 857 1140 896 debitori
1173 870 1245 897 suo
1269 857 1414 907 debet,
1441 864 1486 897 ut
1507 858 1661 909 pignus
1683 858 1782 908 luat,

347 928 399 954 ne
422 927 443 953 a
467 927 510 953 se
541 914 812 953 distrahatur.
867 915 991 953 Fetus
1014 916 1083 954 uel
1115 922 1260 967 partus
1293 915 1382 954 eius
1411 915 1471 953 rei
1495 927 1601 966 quae
1623 915 1792 967 pignori

347 972 440 1010 data
463 978 521 1011 est
546 972 731 1023 pignoris
752 972 843 1011 iure
865 984 947 1010 non
970 978 1159 1021 tenetur,
1199 972 1279 1011 nisi
1312 972 1387 1011 hoc
1409 973 1520 1011 inter
1541 973 1789 1011 contrahen-

347 1037 408 1068 tes
431 1029 690 1068 conuenerit.

464 1143 753 1194 Compensatio
785 1142 917 1182 debiti
951 1156 1002 1182 ex
1034 1144 1122 1195 pari
1147 1144 1286 1195 specie
1318 1150 1356 1182 et
1380 1156 1502 1182 causa
1534 1142 1691 1195 dispari
1714 1142 1789 1182 ad-

349 1201 548 1239 mittitur:
575 1200 691 1238 uelut
716 1201 748 1238 si
772 1201 993 1252 pecuniam
1016 1200 1092 1239 tibi
1115 1200 1291 1239 debeam
1316 1206 1353 1239 ct
1377 1207 1421 1240 tu
1444 1200 1545 1238 mihi
1567 1201 1786 1252 pecuniam

349 1256 516 1307 debeas7
544 1264 613 1296 aut
630 1256 886 1296 frumentum
909 1265 975 1296 aut
997 1264 1132 1296 cetera
1152 1257 1402 1308 huiusmodi:
1432 1258 1525 1296 licet
1545 1270 1595 1296 ex
1618 1257 1787 1297 diuerso

348 1320 582 1364 contractu,
619 1327 886 1365 compensare
916 1315 983 1353 uel
1007 1314 1216 1354 deducere
1250 1314 1393 1354 debes:
1433 1315 1466 1353 si
1489 1321 1619 1354 totum
1651 1321 1783 1366 petas.

348 1372 443 1423 plus
466 1370 646 1423 petendo
668 1384 789 1411 causa
813 1370 940 1410 cadis.

626 1507 677 1559 [vi
738 1520 786 1546 DE
820 1521 1112 1547 EXERCITORIBVS
1144 1521 1188 1546 Er
1222 1507 1498 1560 leTthmlssvs]

463 1588 591 1626 Filius
622 1586 800 1626 familias
831 1589 864 1626 si
888 1588 1103 1627 uoluntate
1135 1589 1266 1639 patris
1296 1601 1446 1627 nauem
1470 1594 1687 1635 exerceam
1714 1600 1789 1639 pa-

349 1652 453 1684 trem
478 1645 520 1682 in
543 1644 715 1683 solidum
739 1644 791 1683 ob
812 1657 856 1683 ea
881 1658 987 1696 quae
1009 1646 1122 1684 salua
1146 1646 1351 1696 receperit
1374 1645 1542 1697 obligat.

796 1782 865 1833 [vu
925 1794 974 1820 An
1005 1794 1128 1820 LEGEM
1161 1781 1346 1832 mmmm]

467 1860 684 1900 Leuandae
715 1862 835 1899 nauis
867 1862 999 1913 gratia
1030 1861 1160 1900 iactus
1193 1873 1286 1900 cum
1319 1861 1519 1899 mercium
1551 1860 1684 1899 factus
1709 1867 1783 1909 est,

351 1919 535 1957 omnium
556 1917 830 1957 intributione
848 1919 1065 1968 sarciatur5
1093 1917 1203 1969 quod
1225 1930 1299 1969 pro
1316 1917 1510 1956 omnibus
1534 1918 1684 1956 iactum
1708 1924 1784 1956 est.

352 2101 500 2131 codices:
528 2100 570 2140 cf.
594 2101 832 2139 interpretatio
855 2101 883 2130 si
903 2109 1048 2131 seruum
1066 2100 1123 2131 uel
1143 2108 1275 2140 equum
1293 2099 1351 2131 uel
1369 2108 1618 2140 quaecumque
1637 2099 1706 2131 alia
1723 2100 1790 2131 ali-

352 2147 433 2186 quis
450 2145 494 2177 ab
513 2146 622 2177 altero
640 2146 682 2176 ad
701 2154 788 2177 usus
806 2145 1054 2177 tantummodo
1074 2145 1256 2177 seruiendi
1282 2145 1509 2176 commodata
1534 2146 1730 2186 susceperit
1756 2148 1787 2177 et

352 2200 414 2223 eos
431 2191 475 2223 ad
493 2200 648 2232 pugnam
668 2192 724 2222 uel
744 2191 805 2222 ubi
823 2192 918 2223 uitae
936 2191 1138 2232 periculum
1156 2192 1338 2222 incurrant
1355 2190 1498 2222 duxerit

444 2239 462 2268 5
490 2237 533 2268 dc
550 2237 741 2269 ucndcnda
761 2237 807 2274 M,
830 2240 861 2268 te
880 2237 1069 2268 uendenda
1088 2238 1126 2273 L,
1148 2236 1371 2268 defendenda
1391 2237 1494 2268 dett.:
1519 2236 1547 2267 si
1567 2245 1641 2267 rem
1659 2244 1789 2277 accep-

354 2284 425 2314 tam
451 2291 521 2313 non
549 2284 693 2321 rogante
719 2282 886 2319 domino,
915 2283 975 2314 sed
1002 2284 1231 2323 promittente
1256 2292 1297 2314 eo
1323 2283 1383 2323 qui
1410 2282 1560 2322 accepit,
1590 2281 1675 2312 dum
1702 2282 1787 2313 uelit

351 2328 588 2366 uenumdarc,
616 2328 810 2369 perdiderit
831 2328 1068 2367 [inerpretatio
1080 2340 1088 2358 .·
1112 2329 1260 2368 fortasse
1286 2329 1314 2359 si
1340 2330 1377 2358 tu
1403 2329 1434 2359 te
1453 2326 1685 2358 uenditurum
1704 2336 1789 2369 pro-

354 2374 483 2405 misisti
500 2383 567 2405 scr.
625 2373 639 2414 u
697 2376 736 2404 to
762 2373 913 2414 pignori}
942 2374 1100 2414 pigneris
1117 2375 1245 2405 codic-es
1293 2373 1306 2414 ΙΙ
1355 2375 1389 2403 Μ
1423 2381 1491 2404 non
1511 2374 1651 2404 tenetur
1669 2373 1693 2403 L
1712 2381 1787 2404 cum

355 2420 519 2459 Inter-pin,
540 2420 713 2451 retinetur
730 2420 767 2450 M
785 2420 951 2452 (similiter
967 2421 1011 2450 acl
1031 2421 1084 2457 63,
1106 2421 1152 2457 2),
1181 2419 1410 2450 continentur
1426 2419 1481 2450 uel
1498 2420 1638 2450 tenetur
1656 2419 1735 2450 dett.
1776 2416 1788 2461 ΙΙ

357 2468 395 2495 43
422 2466 518 2506 paris
535 2466 667 2506 speciei
687 2467 719 2496 ct
737 2474 779 2496 cx
797 2473 903 2495 causa
923 2465 1075 2496 Huschke
1115 2464 1127 2504 ΙΙ
1177 2467 1218 2495 46
1245 2464 1354 2496 debes
1373 2488 1379 2494 .
1403 2488 1410 2494 .
1434 2489 1440 2494 .
1462 2465 1560 2504 petas
1579 2487 1586 2494 .
1609 2487 1615 2494 .
1638 2487 1645 2494 .
1669 2466 1707 2494 47
1727 2472 1788 2496 ca-

355 2510 410 2541 dis
433 2511 603 2549 Czez'aeius,
628 2510 749 2542 debuit
777 2509 943 2541 'debitum
966 2510 1006 2549 M,
1034 2535 1040 2541 .
1064 2534 1070 2541 .
1094 2535 1100 2541 .
1123 2512 1215 2551 petat
1235 2534 1242 2541 .
1265 2534 1272 2541 .
1296 2534 1302 2540 .
1324 2509 1416 2540 cadit
1437 2510 1564 2540 codices
1618 2509 1631 2549 ss
1690 2512 1728 2539 ts
1756 2511 1786 2541 et

355 2556 579 2589 institoribus
604 2557 668 2588 del.
693 2556 849 2589 omacius
901 2556 914 2594 ll
971 2558 1009 2585 :20
1037 2556 1153 2587 solido
1172 2556 1299 2587 codices
1346 2554 1359 2593 ΙΙ
1407 2557 1450 2585 22
1477 2555 1592 2586 iactus
1610 2563 1788 2587 commer—

355 2603 450 2633 cium
469 2601 583 2634 factus
602 2603 638 2639 L,
661 2602 773 2633 iactus
798 2602 965 2640 (iat—tus*
985 2602 1045 2637 Ma}
1070 2601 1314 2632 commercium
1334 2599 1465 2631 tactum
1486 2600 1521 2630 M
1574 2599 1587 2640 ΙΙ
1644 2602 1683 2631 23
1711 2609 1789 2632 sar-

356 2648 497 2679 ciantur
514 2649 642 2679 codices
684 2648 698 2688 ΙΙ
743 2649 874 2679 iactum
896 2647 932 2685 L,
953 2646 1075 2677 datum
1097 2647 1131 2677 M

1812 536 1829 564 CR

1814 923 1854 952 40

1815 1265 1854 1293 45
