1942 3081
320 102 416 134 Paul.
438 101 519 140 V,6
824 125 936 130 -——
1000 103 1077 142 116
1137 125 1249 131 ——

319 228 507 280 idemque
541 229 581 267 in
604 241 650 267 eo
673 227 894 267 dicendum
919 234 1000 279 est,
1036 229 1107 280 qui
1130 239 1298 267 carruca
1321 234 1391 267 aut
1413 240 1520 280 equo
1543 227 1751 267 deicitur:

269 286 290 322 6
317 284 472 336 quibus
494 298 575 324 non
598 285 791 325 abductis
813 286 1057 324 iniuriarum
1080 286 1184 324 actio
1207 284 1343 324 datur.
1406 286 1451 324 Vi
1476 284 1664 324 deiectus
1685 287 1754 324 ui-

317 342 440 381 detur
460 350 501 383 et
522 343 593 394 qui
617 343 659 381 111
683 341 853 394 praedio
876 343 915 381 ui
940 343 1144 382 retinetur
1165 350 1205 381 et
1228 343 1299 394 qui
1323 342 1364 380 in
1388 342 1455 382 uia
1478 343 1648 381 territus
1670 350 1746 393 est,

268 400 289 437 7
316 412 367 438 ne
391 399 443 439 ad
465 399 642 439 fundum
665 412 786 439 suum
809 399 1040 439 accederet.
1086 400 1164 446 Qui
1187 400 1229 438 ui
1251 406 1322 438 aut
1344 400 1446 438 clani
1469 405 1539 438 aut
1561 400 1750 451 precario

266 457 288 493 8
317 456 499 508 possidet
529 456 581 497 ab
603 456 864 507 aduersario,
902 457 1071 508 impune
1094 456 1286 495 deicitur.
1350 457 1413 495 Ex
1436 455 1564 495 rebus
1586 456 1628 495 ui
1651 469 1749 508 pos-

314 515 440 553 sessis
472 515 506 553 si
529 515 693 566 aliquae
724 527 790 553 res
821 515 996 553 arserint
1031 514 1099 553 uel
1128 514 1240 552 serui
1273 513 1546 563 decesserint,
1587 513 1682 552 licet
1706 513 1747 552 id

313 571 401 610 sine
423 571 516 610 dolo
538 572 628 610 eius
650 572 722 622 qui
744 570 895 610 deiecit
919 570 1070 610 factum
1093 572 1158 618 sit,
1185 571 1470 610 aestimatione
1486 577 1626 610 tamen
1648 583 1749 608 con-

248 630 289 661 88
313 627 577 667 1101111131111115
601 634 675 678 est,
703 629 776 679 qui
799 628 855 666 ita
876 628 1009 666 uoluit
1030 627 1204 678 adipisci
1228 640 1315 666 rem
1338 628 1442 666 iuris
1463 628 1603 667 alieni.
1640 627 1749 666 *Cu-

312 685 580 735 *tuscumque
604 684 722 724 fundi
752 683 1090 724 usufructuarius
1121 683 1356 735 prohibitus
1385 690 1455 723 aut
1486 684 1672 724 deiectus
1695 684 1747 723 de

311 743 598 781 *restitutione
630 742 815 780 omnium
838 754 976 780 rerum
1005 741 1130 780 simul
1152 748 1445 792 occupatarum
1467 742 1573 793 agit:
1608 740 1683 780 sed
1705 748 1746 780 et

312 799 368 837 *si
388 798 523 838 medio
545 806 728 850 tempore
752 799 883 850 aliquo
906 811 1003 837 casu
1026 797 1288 837 interciderit
1309 797 1586 848 ususfructus,
1612 811 1745 850 aeque

243 851 286 889 8¹³
310 855 385 895 *de
416 857 623 908 perceptis
652 862 772 895 antea
793 854 997 895 fructibus
1026 855 1140 894 utilis
1161 856 1265 894 actio
1288 855 1504 895 tribuitur.
1574 856 1616 894 Si
1648 855 1746 895 fun—

310 912 435 963 *dus,
472 915 591 952 cuius
619 911 884 952 ususfructus
914 914 1092 964 petitur,
1128 925 1210 951 non
1232 924 1254 951 a
1276 911 1442 952 domino
1463 911 1739 964 possideatur,

309 971 434 1009 *actio
465 969 670 1010 redditur.
735 976 775 1009 et
805 969 897 1009 ideo
928 971 962 1009 si
993 969 1044 1009 de
1068 969 1188 1008 fundi
1219 971 1474 1021 proprietate
1506 969 1618 1008 inter
1639 969 1744 1009 duos

307 1027 520 1078 *quaestio
550 1028 624 1078 sit,
670 1026 926 1067 fructuarius
955 1027 1083 1066 nihilo
1116 1028 1254 1065 minus
1286 1028 1327 1066 in
1358 1027 1620 1078 possessione
1652 1038 1743 1066 esse

312 1084 457 1123 “debet
486 1085 670 1136 satisque
703 1085 740 1123 ei
763 1098 784 1123 a
806 1097 1044 1136 possessore
1073 1083 1308 1123 cauendum
1333 1090 1417 1134 est,
1453 1083 1564 1135 quod
1586 1096 1665 1122 non
1690 1084 1743 1123 sit

307 1141 618 1192 *prohibiturus
638 1141 720 1180 frui
743 1154 852 1192 eum,
880 1142 945 1180 cui
968 1141 1230 1180 ususfructus
1249 1141 1416 1180 relictus
1439 1146 1515 1191 est,
1541 1140 1742 1192 quamdiu

305 1198 382 1237 *de
406 1200 496 1238 iure
519 1212 592 1238 suo
613 1198 777 1251 probet.
841 1198 914 1237 sed
936 1200 968 1237 si
992 1199 1072 1250 ipsi
1104 1197 1413 1238 usufructuario
1445 1199 1631 1249 quaestio
1653 1211 1744 1237 mo-

314 1260 499 1307 'ueatur,
542 1256 709 1295 interim
740 1254 1004 1295 ususfructus
1036 1256 1125 1294 eius
1157 1255 1369 1294 differtur:
1415 1255 1488 1294 sed
1517 1255 1656 1294 caueri
1687 1255 1740 1294 de

308 1313 588 1352 “restituendo
610 1327 671 1363 e0,
696 1312 806 1365 quod
828 1326 879 1351 ex
900 1313 964 1352 his
986 1312 1191 1352 fructibus
1213 1319 1490 1364 percepturus
1512 1319 1587 1363 est,
1615 1313 1683 1351 uel
1705 1313 1738 1351 51

238 1370 279 1406 8c
305 1370 426 1409 >‘satis
448 1383 529 1409 non
551 1369 688 1420 detur,
716 1370 805 1422 ipse
829 1369 909 1409 srui
932 1370 1204 1421 permittitur.
1245 1371 1287 1409 Si
1311 1369 1362 1408 de
1384 1370 1453 1408 uia
1474 1370 1622 1408 itinere
1645 1377 1740 1408 actu

309 1427 596 1478 ‘aquaeductu
617 1434 777 1478 agatur,
804 1426 1043 1466 huiusmodi
1062 1427 1196 1466 cautio
1217 1426 1464 1478 praestanda
1487 1432 1562 1477 est,
1590 1438 1740 1478 quam-

304 1483 401 1523 *diu
431 1485 526 1536 quis
548 1484 599 1523 de
622 1485 712 1524 iure
741 1497 814 1523 suo
837 1483 1002 1535 doceat,
1036 1496 1117 1522 non
1141 1496 1184 1523 se
1214 1483 1514 1536 impediturum
1545 1490 1738 1535 agentem

304 1542 367 1580 *et
396 1553 547 1593 aquam
579 1540 803 1581 ducentem
832 1548 871 1581 et
902 1542 982 1580 iter
1012 1540 1243 1580 facientem.
1309 1540 1420 1592 quod
1454 1541 1487 1580 si
1517 1547 1643 1592 neget
1672 1540 1738 1580 ius

302 1598 418 1637 *esse
439 1598 679 1638 aduersario
707 1598 858 1650 agendi
887 1611 1020 1650 aquae
1042 1597 1282 1649 ducendae,
1318 1610 1465 1637 cauere
1496 1597 1585 1637 sine
1614 1610 1739 1649 prae—

302 1655 480 1694 *iudicio
511 1655 763 1695 amittendae
794 1656 1009 1695 seruitutis
1032 1655 1226 1706 debebit,
1252 1654 1384 1694 donec
1407 1655 1594 1706 quaestio
1618 1654 1739 1693 finie—

233 1707 277 1749 gd
301 1711 416 1763 *tur,
442 1725 524 1751 non
545 1725 588 1752 se
611 1726 798 1752 usurum.
868 1745 874 1752 .
901 1743 908 1752 .
935 1743 942 1751 .
967 1744 972 1750 .
1011 1712 1288 1761 fructuarius,
1322 1712 1418 1751 licet
1449 1725 1523 1751 suo
1548 1712 1732 1751 nomine.

167 1770 208 1805 80
238 1765 280 1807 Sf
300 1769 335 1807 ³.
362 1800 368 1807 .
394 1801 401 1808 .
427 1800 434 1807 .
470 1770 560 1809 siue
581 1769 633 1809 ad
665 1769 840 1809 fundum
862 1776 1051 1809 nostrum
1081 1769 1178 1808 facit
1198 1769 1288 1808 siue
1311 1782 1362 1808 ex
1384 1768 1526 1808 fundo.
1589 1769 1737 1808 Serui-

300 1826 413 1865 *tute
443 1839 546 1866 usus
566 1839 648 1865 non
677 1826 848 1866 uidetur
868 1827 949 1866 nisi
972 1827 1020 1878 is,
1055 1827 1127 1878 qui
1149 1839 1222 1865 suo
1255 1826 1343 1865 iure
1372 1827 1432 1865 uti
1454 1838 1497 1865 se
1528 1825 1730 1865 credidit:

304 1882 502 1935 *ideoque
536 1884 569 1922 si
601 1884 696 1935 quis
727 1896 802 1935 pro
832 1884 901 1923 uia
931 1883 1100 1935 publica
1131 1883 1199 1922 uel
1221 1896 1295 1935 pro
1326 1883 1496 1923 alterius
1527 1883 1732 1922 seruitute

252 1941 274 1978 9
300 1940 425 1979 *usus
448 1941 520 1991 sit,
555 1953 632 1980 1160
663 1940 931 1980 interdictum
963 1954 1041 1980 nec
1071 1941 1175 1979 actio
1202 1940 1361 1979 utiliter
1391 1937 1629 1992 competit.*
1690 1940 1734 1978 Si

303 1998 409 2036 inter
438 1998 598 2037 uicinos
628 2010 681 2037 ex
711 1998 918 2037 communi
949 1999 1039 2037 riuo
1070 2010 1178 2049 aqua
1208 1996 1407 2047 ducatur,
1442 1997 1584 2036 induci
1614 1997 1734 2049 prius

748 2076 820 2083 Ws
1258 2076 1263 2079 r
1298 2076 1348 2083 me>
1536 2076 1624 2084 ’Δανα

393 2113 424 2149 6,
447 2114 494 2142 sa.
517 2109 554 2142 sb
573 2125 613 2138 =
636 2111 764 2152 D59.7,
789 2114 817 2150 1,
840 2114 879 2142 6ο
937 2111 950 2152 u
1009 2114 1040 2149 6,
1061 2115 1097 2143 80
1115 2124 1156 2138 =
1176 2111 1254 2152 Περ.
1277 2112 1331 2149 43,
1353 2113 1406 2150 20,
1429 2113 1445 2141 7
1504 2111 1517 2152 ιι
1581 2113 1613 2150 6,
1634 2107 1672 2142 8d
1690 2124 1735 2137 =

301 2157 379 2197 Περ.
402 2159 433 2194 8,
457 2159 487 2195 6,
506 2159 542 2188 21
590 2157 603 2196 Η
645 2159 676 2195 6,
698 2160 734 2188 se
752 2170 793 2184 =
814 2158 892 2198 1119.
915 2160 946 2195 8,
969 2160 1000 2196 6,
1022 2159 1061 2187 23
1103 2157 1116 2197 ῃ
1158 2159 1190 2196 6,
1211 2154 1299 2188 8f=
1319 2157 1396 2198 Diy.
1419 2159 1450 2195 8,
1473 2159 1504 2196 6,
1526 2158 1566 2188 25

394 2273 403 2300 1
429 2271 595 2311 idemque
611 2270 809 2309 Sicharclus,
825 2270 933 2311 idque
947 2272 1076 2302 codices
1107 2271 1120 2311 11
1154 2272 1170 2300 8
1187 2271 1246 2311 qui
1262 2271 1300 2309 L,
1317 2271 1399 2311 quia
1419 2271 1452 2301 M
1482 2270 1496 2311 11
1530 2272 1564 2301 11
1587 2270 1656 2302 3110
1673 2270 1702 2301 F
1721 2267 1734 2312 ΙΙ

303 2319 339 2347 19
355 2315 517 2347 differtur
530 2318 625 2353 dett„
641 2315 788 2347 offertur
803 2316 830 2346 F
859 2316 872 2356 11
904 2316 1037 2356 caueri]
1056 2318 1204 2348 cauetur
1218 2317 1248 2347 ei
1264 2317 1450 2347 Mommsen
1481 2316 1495 2356 11
1529 2318 1568 2346 25
1588 2315 1729 2356 agendi]

299 2362 406 2393 cundi
425 2361 551 2401 agendi
571 2362 758 2393 Mommsen
798 2361 811 2401 ΙΙ
852 2362 1007 2393 ducendi
1027 2361 1054 2392 F
1099 2361 1112 2401 ΙΙ
1162 2364 1200 2392 27
1222 2360 1255 2402 ἕξ
1275 2358 1324 2393 Sd.
1348 2364 1383 2392 ge
1402 2361 1586 2393 Scaeuolae
1604 2362 1735 2402 regulis

297 2410 345 2439 sic
362 2409 510 2439 insertae
527 2410 626 2438 sunt:
644 2416 713 2438 usu
730 2408 903 2438 retinetur
920 2408 1088 2445 seruitus,
1109 2416 1192 2439 cum
1210 2408 1285 2448 ipse
1303 2408 1361 2439 cui
1379 2406 1530 2439 debetur
1546 2407 1658 2438 utitur
1674 2431 1680 2438 .
1695 2432 1702 2438 .
1720 2433 1727 2439 .

297 2456 356 2484 aut
372 2452 593 2485 fructuarius
612 2470 651 2476 —
672 2451 887 2484 fructuarius
905 2452 988 2484 licet
1007 2462 1071 2485 suo
1090 2454 1246 2485 nomine.
1269 2470 1308 2475 —
1337 2452 1491 2494 denique
1508 2453 1731 2494 quicumque

296 2499 397 2539 quasi
414 2498 535 2530 debita
554 2499 611 2530 uia
628 2507 715 2530 usus
733 2497 837 2530 fuerit
856 2515 895 2520 —-
917 2499 991 2530 siue
1012 2523 1018 2529 .
1040 2524 1045 2530 .
1064 2523 1071 2529 .
1092 2508 1135 2530 cx
1153 2498 1264 2530 fundo
1281 2516 1326 2520 -—
1345 2523 1351 2529 .
1371 2523 1377 2529 .
1399 2523 1404 2528 .
1426 2497 1636 2530 retinebitur
1652 2508 1732 2530 ser-

298 2545 392 2576 uitus
447 2544 460 2585 11
516 2546 558 2575 32
585 2544 706 2576 induci
729 2543 906 2584 (interdici
925 2545 1017 2583 dett.)
1040 2545 1140 2585 prius
1157 2544 1275 2584 debet]
1295 2545 1519 2583 requiruntur
1534 2544 1606 2583 fere
1623 2545 1731 2576 talia:

296 2591 427 2631 inquiri
453 2591 553 2631 prius
578 2590 684 2622 dehet
708 2589 839 2631 quibus
863 2589 1006 2621 uicibus
1031 2590 1161 2630 singuli
1187 2592 1267 2622 ante
1294 2590 1576 2622 controuersiam
1594 2592 1731 2622 motam

295 2644 425 2676 aquam
443 2636 609 2668 duxerint

1775 751 1816 779 ’10

1772 1036 1813 1065 15

1763 1605 1807 1634 25

1761 1891 1806 1919 30
