1942 3081
697 143 807 150 —.-.
871 122 921 159 723
983 144 1094 149 ——
1300 121 1609 157 Paul.11,23—2‘.

348 246 453 299 [xxm
515 260 561 285 DE
594 258 876 285 DONA‘rlONths
909 258 1020 283 INTER
1055 258 1169 282 vmvm
1202 257 1245 282 ET
1278 254 1444 295 VXOREM]

136 328 150 365 4
297 327 434 365 Mortis
456 338 576 365 causa
599 325 763 364 donatio
788 331 870 373 est,
899 336 1005 375 quae
1028 322 1313 374 impendentis
1337 330 1447 361 metu
1473 324 1615 361 mortis

186 383 250 433 fit,
278 390 322 422 ut
342 389 431 421 ortu
454 381 708 422 ualetudinis
728 380 1075 433 peregrinationis
1107 380 1384 430 nauigationis
1407 380 1472 417 nel
1498 379 1609 417 belli.

134 441 157 479 Ξ
185 440 516 479 Manumissionis
546 439 673 489 gratia
706 439 814 477 inter
844 438 980 476 uirum
1005 444 1045 475 et
1074 448 1246 475 uxorem
1280 435 1444 474 donatio
1476 435 1614 474 fauore

187 496 393 535 libertatis
422 502 585 547 recepta
610 501 691 545 est,
728 495 790 533 nel
812 501 923 533 certe
947 492 1056 545 quod
1087 505 1208 532 nemo
1231 504 1281 531 ex
1316 493 1390 531 hoc
1413 492 1478 531 fiat
1503 492 1615 531 locu-
1642 501 1658 528 5

148 566 151 567 ⁷
183 554 353 605 pletior:
399 552 577 604 ideoque
615 565 786 591 seruum
819 549 1139 590 manumittendi
1180 562 1299 588 causa
1332 549 1510 588 inuicem
1536 549 1613 587 sibi

134 611 156 649 3
185 610 340 649 donare
362 622 443 649 non
465 608 751 661 prohibentur.
808 609 919 647 Inter
940 609 1077 647 uirum
1099 613 1139 646 et
1160 619 1333 646 uxorem
1356 618 1432 644 nec
1453 618 1529 657 per
1552 607 1616 644 in-

135 669 156 706 4
183 667 423 719 terpositam
444 678 661 718 personam
679 665 843 706 donatio
866 665 954 704 fieri
978 670 1127 716 potest.
1162 664 1274 703 Inter
1294 664 1431 702 uirum
1451 669 1490 701 ct
1512 676 1615 701 uxo-

186 737 272 763 rem
304 724 646 775 contemplatione
679 722 910 762 donationis
942 721 1184 772 imaginaria
1215 719 1402 760 uenditio
1433 721 1614 758 contrahi

135 782 157 819 5
184 793 265 820 non
298 787 445 831 potest.
501 781 732 831 Superstite
764 793 810 819 eo
841 779 912 831 qui
936 778 1184 817 matrimonii
1216 783 1400 827 tempore
1430 776 1617 816 donaue-
1648 785 1682 811 ¹0

186 844 261 887 rat,
287 844 381 877 ante
405 836 635 877 decedente
658 838 723 876 cui
746 836 882 876 fuerat
903 836 1115 885 donatum,
1142 834 1185 874 id
1205 833 1314 886 quod
1338 834 1532 873 donatum
1556 840 1617 873 est

185 907 314 946 penes
331 894 570 934 donatorem
590 900 791 933 remanet.
825 892 961 945 *quod
979 893 1011 931 si
1029 892 1153 931 simul
1169 898 1251 930 tam
1274 892 1309 930 is
1331 892 1396 930 cui
1419 890 1616 930 donatum

183 954 269 991 *est
295 964 419 1003 quam
450 952 484 990 is
515 953 586 1003 qui
616 951 785 990 donauit
813 950 1047 999 decesserit,
1081 949 1335 1000 quaestionis
1358 947 1616 987 decidendae

183 1009 338 1060 *gratia
355 1009 484 1060 magis
500 1009 654 1059 placuit
672 1008 814 1048 ualere
830 1007 1107 1055 donationem,
1130 1005 1242 1057 quod
1259 1005 1430 1044 donator
1447 1018 1526 1043 non
1544 1017 1616 1043 su-

135 1067 158 1104 6
184 1067 421 1117 *peruiuat‚
456 1066 528 1117 qui
560 1078 647 1104 rem
670 1064 888 1103 condicere
918 1064 1087 1115 possitf‘
1135 1064 1406 1113 Quocumque
1434 1068 1617 1113 tempore
1648 1069 1685 1096 ⁴5

185 1123 529 1174 contemplatione
560 1123 704 1160 mortis
734 1122 842 1160 inter
872 1121 1012 1160 uirum
1037 1126 1075 1158 et
1112 1132 1285 1158 uxorem
1317 1118 1482 1157 donatio
1513 1118 1617 1157 facta

135 1181 155 1218 7
187 1186 270 1229 est,
305 1186 434 1218 morte
465 1186 605 1218 secuta
628 1179 895 1217 conualescit.
947 1178 1014 1216 3Si
1037 1177 1130 1227 quis
1158 1176 1278 1215 uxori
1311 1188 1356 1214 ea
1378 1175 1617 1214 condicione

183 1236 399 1287 *donauit,
425 1242 469 1275 ut
492 1235 602 1287 quod
625 1235 792 1275 donauit
817 1236 856 1273 in
881 1235 1018 1274 dotem
1040 1234 1226 1285 accipiat,
1257 1231 1452 1272 defuncto
1475 1245 1522 1271 eo
1544 1232 1619 1271 do-

182 1294 316 1332 *natio
339 1293 631 1332 conualesoitffs

1179 1376 1196 1385 s

828 1416 971 1469 [xxnla]
1643 1420 1682 1448 20

296 1498 467 1536 *Mulier
487 1497 521 1536 si
546 1498 585 1536 in
612 1509 697 1535 rem
719 1496 799 1535 uiri
822 1495 1020 1534 damnum
1043 1494 1223 1544 dederit,
1251 1507 1324 1546 pro
1348 1500 1490 1532 tenore
1514 1493 1617 1543 legis

183 1553 397 1606 *Aquiliae
420 1555 709 1593 conueniunt*
775 1552 781 1557 ⁴

554 1678 655 1730 [xxiv
713 1691 760 1716 DE
792 1690 935 1716 LtBERIS
966 1675 1240 1727 AGNOSCENms]

137 1760 151 1797 t
298 1759 340 1798 Si
364 1771 488 1798 serua
509 1758 746 1809 conceperit
771 1764 807 1796 et
827 1763 967 1808 postea
991 1756 1243 1794 manumissa
1261 1756 1485 1806 pepererit,
1513 1753 1619 1793 libe-

134 1818 158 1856 2
184 1828 275 1855 rum
302 1817 428 1867 parit.
492 1815 533 1855 Si
564 1814 694 1853 libera
732 1814 966 1864 conceperit
999 1819 1038 1851 et
1067 1813 1215 1851 ancilla
1252 1811 1357 1851 sacta
1386 1812 1612 1863 pepererit,
1646 1818 1686 1846 25

133 1874 156 1912 3
185 1872 361 1912 liberum
383 1872 516 1924 parit:
552 1871 595 1911 id
627 1872 737 1910 enim
768 1870 883 1911 fauor
911 1869 1116 1909 libertatis
1147 1869 1346 1920 exposcit.
1400 1869 1442 1907 Si
1472 1869 1616 1907 ancilla

184 1930 417 1981 conceperit
440 1936 479 1968 et
502 1928 638 1968 medio
665 1935 850 1980 tempore
873 1927 1126 1967 manumissa
1149 1927 1216 1976 sit,
1242 1938 1388 1965 rursus
1416 1925 1521 1965 facta
1544 1938 1619 1963 an—

242 2054 357 2061 rfscxx-
394 2054 483 2057 ⁷⁷,ee
522 2054 571 2057 ---
607 2054 677 2056 ⁷⁷⁷-

239 2158 256 2186 2
276 2112 333 2186 23OE,5
351 2113 369 2142 5
390 2124 431 2137 =
451 2110 527 2150 1³29.
551 2111 605 2147 34,
628 2112 658 2147 5,
681 2112 697 2140 8
750 2109 764 2149 u
821 2111 875 2143 23,
897 2111 913 2139 7
935 2122 975 2135 =
996 2109 1075 2149 Diq.
1097 2109 1151 2145 24,
1174 2111 1204 2145 i,
1225 2110 1266 2138 59
1323 2107 1337 2147 ῃ
1392 2109 1457 2138 239.
1476 2120 1516 2133 =
1539 2107 1616 2146 Dio.

186 2159 217 2193 9,
264 2159 309 2195 ‚5
1271 2182 1273 2184 .

306 2247 387 2253 :ner
427 2246 579 2253 mssxae,*w2—

275 2329 293 2358 2
321 2326 560 2368 impendent-is
578 2328 675 2356 metu
693 2324 858 2361 Huschke,
880 2324 1096 2365 inpendente
1114 2326 1211 2355 metu
1231 2324 1277 2361 M,
1299 2322 1526 2364 inpendentis
1546 2322 1569 2352 L
1609 2319 1620 2363 Η

187 2375 203 2403 3
224 2374 303 2404 ortu
321 2373 514 2403 dubitanter
531 2372 664 2410 scripsi,
685 2373 738 2402 ort
757 2371 804 2407 M,
823 2372 877 2401 est
895 2370 919 2401 L
953 2369 966 2408 ll
1000 2372 1017 2400 5
1043 2369 1101 2401 uel
1121 2369 1320 2406 Sic-hardus,
1341 2368 1437 2399 uelut
1457 2367 1585 2398 codices
1608 2365 1621 2407 ΙΙ

185 2418 281 2458 quod
299 2418 346 2455 Μ,
367 2417 514 2458 quidem
529 2418 554 2448 L
587 2417 600 2456 ΙΙ
633 2426 675 2448 ex
691 2417 737 2453 M,
759 2424 822 2447 om.
841 2416 864 2447 L
898 2415 912 2456 ΙΙ
946 2418 962 2446 7
982 2414 1218 2456 prohibentur
1235 2415 1328 2450 detl.‚
1350 2412 1552 2454 prohibitur
1571 2412 1616 2446 Μ,

184 2463 396 2504 prohibetur
412 2464 438 2494 L
478 2463 491 2502 11
535 2465 572 2493 40
601 2463 790 2502 superstite
812 2461 896 2501 sqq.]
925 2461 954 2492 si
981 2463 1072 2492 inter
1096 2462 1216 2492 uirum
1242 2462 1275 2490 et
1300 2467 1449 2490 uxorem
1475 2457 1619 2488 donatio

186 2508 278 2540 facta
295 2507 414 2545 fuerit,
442 2509 563 2549 priore
588 2507 757 2538 defuncto
785 2507 841 2538 eui
867 2506 1039 2538 donatum
1057 2509 1109 2538 est
1127 2505 1172 2537 ad
1191 2514 1271 2536 eum
1291 2513 1347 2535 res
1366 2503 1454 2534 redit
1474 2503 1535 2543 qui
1553 2502 1621 2533 do-

186 2554 326 2586 nauerit
339 2554 431 2594 Diy„
447 2554 504 2585 ubi
517 2556 707 2592 sequuntur
720 2561 806 2592 quae
819 2560 925 2591 supra
938 2553 1014 2583 inde
1029 2561 1049 2582 a
1061 2561 1097 2582 u.
1115 2553 1155 2581 42
1170 2551 1402 2589 suppleuimus
1443 2548 1456 2587 1}
1499 2550 1536 2578 43
1553 2547 1619 2579 do-

186 2600 285 2631 nauit
301 2599 497 2639 decesserit
516 2599 735 2636 Studemund,
757 2597 944 2629 donauerit
962 2597 989 2628 F
1025 2597 1039 2637 11
1082 2600 1120 2627 ⁴8
1147 2595 1305 2627 defuncti
1327 2595 1353 2625 F
1390 2594 1403 2634 ΙΙ
1444 2595 1484 2624 25
1512 2593 1615 2634 parit]

186 2645 279 2686 parit
295 2644 330 2676 id
348 2645 443 2676 enim
461 2643 560 2676 fauor
577 2643 751 2675 libertatis
767 2644 913 2675 extorsit
931 2644 1058 2674 codices
1080 2642 1135 2681 (eccv
1152 2651 1186 2673 u.
1207 2642 1259 2678 26)
