1942 3081
350 145 446 176 Paul.
469 145 526 181 IV,
549 147 579 176 ὃ,
602 147 619 175 6
868 167 982 173 —-
1041 144 1092 184 93
1153 166 1266 173 —-.

348 271 538 323 portione
561 277 809 309 consecutus
830 271 897 320 sit,
922 276 968 309 ut
990 276 1138 320 quarta
1162 269 1243 308 sibi
1260 282 1282 308 a
1305 269 1584 309 coheredibus
1601 271 1700 309 citra
1722 272 1788 309 in-

301 327 324 364 8
349 327 519 367 officiosi
552 328 780 379 querellam
812 328 1057 379 impleatur,
1102 327 1190 366 iure
1222 326 1445 366 desiderat.
1512 328 1644 365 Pactio
1675 328 1782 374 talis,

350 398 402 425 ne
425 385 478 424 de
500 385 721 424 inofficioso
745 391 990 424 testamento
1011 384 1196 434 dicatur⁷
1233 385 1461 435 querellam
1484 396 1612 436 super
1633 383 1786 423 iudicio

349 443 529 482 futuram
552 455 635 481 non
666 442 877 481 excludet:
914 442 1075 480 meritis
1111 442 1222 480 enim
1245 441 1400 480 liberos
1433 454 1558 492 quam
1582 442 1786 493 pactioni-

301 499 323 536 9
350 500 429 540 bus
459 499 661 551 adstringi
692 499 860 550 placuit.
935 500 1112 549 Rogatus
1143 498 1418 538 hereditatem
1452 499 1673 538 restituere
1709 500 1786 538 etsi

351 556 566 597 inofficiosi
590 557 819 608 querellam
839 556 1078 606 instituerit,
1107 554 1423 594 fideicommisso
1446 568 1527 594 non
1547 555 1590 594 fit
1608 556 1778 595 iniuria:

350 622 539 667 quartam
561 614 672 653 enim
696 611 951 652 solummodo
974 611 1220 651 hereditatis
1241 613 1410 662 amittit,
1439 625 1564 664 quam
1585 612 1786 652 beneficio

274 670 322 708 40
349 679 518 711 senatus
550 670 729 710 consulti
755 670 910 708 habere
941 670 1158 721 potuisset.
1224 670 1352 709 Heres
1382 671 1597 709 institutus
1629 669 1788 709 habens

349 728 622 768 substitutum
645 728 678 766 si
702 727 752 766 de
777 726 1000 765 inofficioso
1023 725 1175 765 dixerit
1198 739 1275 765 nec
1295 726 1538 777 obtinuerit,
1566 740 1647 766 non
1670 726 1712 767 id
1735 727 1787 766 ad

351 787 509 836 fiscum,
535 784 610 824 sed
633 784 685 824 ad
706 784 978 824 substitutum
1003 782 1244 835 pertinebit.

881 908 932 960 [vt
990 921 1038 947 nn
1070 908 1257 961 mensum]t

303 988 316 1025 sl
465 989 646 1029 Tabulae
679 989 917 1028 testamenti
948 989 1196 1040 aperiuntur
1218 988 1292 1027 hoc
1316 988 1456 1039 modo,
1494 995 1538 1028 ut
1559 995 1687 1028 testes
1718 989 1789 1028 uel

351 1048 530 1087 maxima
560 1058 655 1099 pars
686 1059 828 1085 eorum
859 1045 1129 1096 adhibeatur,
1166 1046 1238 1097 qui
1271 1046 1531 1096 signauerint
1561 1052 1790 1085 testamen-

350 1112 457 1145 tum:
494 1105 549 1143 ita
571 1110 615 1143 ut
637 1104 788 1154 agnitis
810 1103 941 1154 signis
964 1110 1086 1154 rupto
1108 1103 1190 1141 lino
1213 1104 1424 1155 aperiatur
1446 1110 1486 1142 et
1508 1104 1707 1143 recitetur
1727 1110 1790 1142 at-

351 1175 432 1214 que
470 1162 527 1201 ita
564 1159 832 1200 describendi
865 1160 1046 1212 exempli
1079 1160 1148 1198 fiat
1186 1167 1369 1212 potestas
1406 1173 1451 1199 ac
1488 1159 1642 1200 deinde
1672 1161 1789 1211 signo

350 1219 517 1271 publico
534 1218 795 1269 obsignatum
814 1219 856 1256 in
874 1218 1091 1257 archiuum
1102 1216 1329 1269 redigatur,
1346 1225 1405 1267 ut,
1420 1218 1455 1257 si
1468 1216 1635 1269 quando
1645 1230 1790 1256 exem-

301 1275 324 1313 2
351 1278 465 1328 plum
489 1277 579 1314 eius
603 1274 884 1325 interciderit⁷
911 1276 984 1325 sit,
1010 1273 1123 1313 unde
1146 1275 1232 1326 peti
1256 1276 1399 1326 possit.
1463 1276 1724 1314 Testamenta
1748 1275 1788 1313 in

351 1333 594 1384 municipiis
614 1333 783 1371 coloniis
805 1331 971 1383 oppidis
1000 1330 1263 1383 praefectura
1286 1332 1378 1370 uico
1408 1332 1574 1371 castello
1595 1332 1791 1372 concilia-

351 1391 448 1430 bulo
471 1389 575 1428 facta
599 1390 640 1428 in
661 1388 745 1427 foro
768 1390 835 1428 uel
856 1388 1027 1428 basilica
1045 1388 1338 1440 praesentibus
1355 1388 1534 1428 testibus
1550 1389 1620 1428 uel
1637 1389 1790 1428 hones-

352 1449 404 1487 tis
426 1448 530 1486 uiris
553 1448 663 1485 inter
685 1446 826 1484 horam
851 1445 1079 1486 secundam
1103 1452 1141 1484 et
1169 1445 1373 1484 decimam
1395 1445 1479 1485 diei
1505 1447 1663 1498 aperiri
1682 1446 1790 1485 reci-

350 1505 515 1556 tarique
537 1503 770 1553 debebunt,
796 1503 1072 1554 exemploque
1096 1502 1256 1542 sublato
1279 1502 1332 1541 ab
1355 1502 1487 1542 isdem
1514 1515 1658 1542 rursus
1688 1502 1791 1555 [ma-

352 1560 611 1614 gistratibus]
646 1560 880 1611 obsignari,
918 1572 1096 1611 quorum
1126 1561 1364 1611 praesentia
1391 1566 1549 1600 constat
1581 1566 1785 1612 apertum.

284 1617 327 1655 2²
350 1619 457 1666 *Qui
476 1619 596 1657 aliter
615 1623 685 1658 aut
707 1617 822 1667 alibi7
848 1629 971 1668 quam
994 1616 1067 1656 ubi
1088 1618 1180 1669 lege
1203 1618 1468 1669 praecipitur,
1495 1623 1791 1657 testamentum

350 1676 590 1728 *aperuerit
611 1675 928 1725 recitaueritue‚
955 1687 1085 1726 poena
1109 1675 1396 1714 sestertiorum
1420 1675 1608 1726 quinque
1630 1675 1790 1714 milium

302 1733 324 1768 3
351 1732 588 1772 *tenetuiu*
646 1733 957 1770 Testamentum
991 1732 1058 1770 lex
1087 1732 1225 1770 statim
1256 1739 1349 1783 post
1378 1738 1553 1771 mortem
1583 1732 1791 1771 testatoris

353 1790 510 1842 aperiri
531 1789 679 1829 uoluit.
731 1795 769 1827 et
792 1788 908 1839 ideo,
935 1789 1128 1839 quamuis
1150 1789 1200 1827 sit
1226 1789 1440 1840 rescriptis
1461 1789 1692 1839 uariatum,
1728 1796 1791 1828 ta-

354 1860 449 1886 men
480 1859 502 1885 a
539 1845 834 1898 praesentibus
866 1846 975 1884 intra
1007 1845 1194 1885 triduum
1226 1846 1295 1885 uel
1335 1846 1523 1898 quinque
1563 1844 1653 1885 dies
1690 1858 1792 1897 ape-

353 1903 525 1944 riendae
548 1910 645 1943 sunt
666 1902 858 1942 tabulae:
895 1902 944 1941 ab
973 1902 1218 1942 absentibus
1249 1915 1416 1954 quoque
1445 1903 1550 1941 intra
1583 1915 1652 1942 eos
1683 1902 1788 1953 dies,

355 1974 448 2001 cum
471 1961 822 2012 superuenerint:
861 1972 938 1998 nec
960 1960 1070 1999 enim
1093 1965 1254 2011 oportet
1285 1966 1368 1999 tam
1400 1959 1628 1999 heredibus
1661 1965 1701 1999 et
1730 1960 1794 1998 le-

354 2019 522 2069 gatariis
562 2024 633 2057 aut
672 2016 938 2056 libertatibus
978 2029 1103 2068 quam
1134 2018 1367 2056 necessario
1399 2017 1594 2068 uectigali
1637 2029 1790 2057 moram

355 2075 458 2115 fieri

440 2189 478 2195 ,«,-
486 2188 499 2194 ›—
506 2188 541 2195 κβ
548 2187 625 2194 nna)
633 2187 737 2195 naesfxss
748 2188 755 2191 -
763 2188 777 2193 ,-
786 2188 795 2193 s
804 2188 818 2195 r«
828 2188 848 2193 ›,
856 2187 875 2192 —.-
897 2188 901 2189 ν
908 2188 926 2194 s«
934 2187 947 2191 Α
963 2188 1054 2195 «Λμψψ-
1063 2188 1159 2195 ««,ν«κ«»
1169 2188 1181 2191 ⁷-
1190 2188 1203 2191 re
1222 2189 1225 2192 .
1240 2189 1246 2191 μ
1282 2188 1287 2190 -
1294 2188 1309 2193 Λ-
1317 2188 1330 2193 ,-
1339 2188 1373 2195 »ae-
1381 2187 1479 2194 ssnssssiv
1485 2186 1791 2195 Mmaeaemmw

447 2247 478 2285 6,
499 2246 537 2274 2²
555 2257 595 2271 =
615 2246 711 2275 extat
728 2245 759 2274 in
781 2243 808 2274 E
826 2246 856 2274 et
876 2244 1079 2275 Rosambino

394 2336 399 2337 ν
433 2332 716 2342 stwsvav--s
725 2332 839 2340 emsa<
849 2334 879 2340 ‹x-
885 2333 1378 2342 vmefmmxxWW-*v-«x-W*

1542 2332 1641 2341 wvvx
1647 2332 1789 2341 wxswvv

450 2405 460 2433 t
492 2404 655 2443 quartam
675 2402 737 2433 ML
789 2402 802 2441 Η
856 2404 872 2432 8
901 2402 1064 2433 consulto
1084 2403 1145 2433 ML
1198 2402 1211 2442 n
1265 2404 1303 2433 44
1331 2402 1441 2442 signis
1459 2402 1554 2439 dett„
1583 2403 1723 2443 signitis
1742 2403 1789 2440 M,

356 2448 481 2489 sigillis
499 2449 572 2479 suis
591 2448 615 2479 L
670 2447 682 2487 Η
742 2450 779 2478 ts
807 2447 947 2478 colonia
966 2449 1094 2479 codices
1149 2448 1161 2488 ΙΙ
1220 2450 1258 2478 20
1279 2448 1410 2488 aperiri
1428 2456 1494 2479 om.
1515 2449 1655 2485 codices,
1677 2450 1788 2488 suppl.

356 2494 600 2526 Rittershusz'us
654 2493 667 2534 11
724 2495 759 2523 24
792 2492 1061 2532 magistratibus
1079 2494 1156 2531 del„
1181 2493 1222 2533 cs.
1247 2493 1323 2533 Diq.
1345 2495 1399 2532 29,
1422 2495 1452 2531 3,
1474 2495 1491 2523 7
1556 2492 1569 2533 11
1632 2497 1673 2525 22
1701 2503 1792 2535 quo-

356 2549 435 2571 rum
453 2539 535 2579 sqq.l
556 2542 712 2578 expectes
726 2538 798 2578 fere
817 2539 851 2569 in
870 2547 1023 2579 quorum
1042 2540 1243 2579 praesentia
1260 2540 1382 2580 aperta
1401 2540 1483 2570 sunt
1523 2539 1536 2579 11
1579 2541 1618 2569 23
1638 2540 1793 2580 qualiter

355 2586 483 2616 codices
534 2584 546 2625 ΙΙ
604 2586 713 2625 legem
732 2584 930 2625 percipitur
949 2584 1023 2615 Bos.
1079 2584 1091 2623 Η
1145 2586 1184 2615 24
1212 2593 1255 2616 ue
1274 2593 1337 2615 om.
1360 2584 1434 2615 Ros.
1491 2583 1503 2624 ΙΙ
1559 2593 1695 2626 poenae
1715 2585 1744 2617 E
1780 2583 1793 2627 ΙΙ

356 2634 396 2661 25
424 2633 587 2662 teneatur
604 2631 678 2662 Ros.
745 2629 758 2669 11
822 2632 862 2660 28
890 2629 934 2661 ab
952 2638 1016 2660 om.
1039 2630 1101 2660 ML
1165 2630 1177 2670 ΙΙ
1242 2631 1282 2660 29
1310 2631 1381 2661 tam
1402 2630 1656 2668 Rictershusius,
1680 2632 1791 2663 testa-

356 2679 515 2707 mentum
531 2677 659 2708 codices

1815 791 1853 820 40

1817 1168 1856 1196 45

1816 1454 1854 1481 :20

1815 1739 1857 1768 25

1818 2024 1857 2052 30
