1942 3081
710 139 823 145 -—-
886 118 963 156 153
1022 139 1133 144 -—
1396 116 1639 147 nostias—8

207 243 383 281 seruire.
428 242 564 280 omnia
587 248 723 280 tamon
748 242 865 291 quasi
890 254 1038 280 seruus
1060 240 1304 292 adquirebat
1331 242 1633 290 mamnnissori,

206 299 320 338 uelut
342 299 374 337 si
397 298 499 350 quid
521 297 802 349 stipulabatur
822 298 886 336 uel
903 299 1119 348 mancupio
1136 297 1366 348 accipiebat
1383 298 1448 335 uel
1468 311 1517 335 cx
1535 310 1639 348 qua-

207 367 385 407 cumque
416 368 538 394 oausa
570 355 643 393 alia
676 353 949 405 adquisierat,
987 354 1142 392 domini
1175 354 1248 392 hoc
1281 353 1475 402 faciebat,
1512 354 1634 393 idest

207 413 450 452 manumissi
474 412 609 450 omnia
631 411 736 450 bona
761 411 810 450 ad
833 417 1052 463 pati-onum
1077 410 1358 462 pertinebant.

321 469 401 508 Sed
434 481 545 508 nunc
578 467 730 506 habent
761 469 973 520 propriam
1004 467 1238 506 libertatem
1262 468 1332 518 qui
1359 468 1467 505 inter
1487 468 1639 505 amicos

168 561 171 563 .
207 527 577 575 manumittuntur7
614 531 653 563 ct
685 526 787 564 liunt
812 525 941 564 Latini
975 525 1161 573 Iuniani,
1195 524 1389 575 quoniam
1416 524 1482 561 lex
1505 524 1634 572 lunia,

206 595 313 634 quae
335 582 572 621 libertatem
595 582 653 621 eis
675 581 813 631 dedit,
849 583 1101 632 exaequauit
1133 594 1202 620 eos
1226 581 1378 620 Latinis
1401 580 1634 627 colonariis,

206 641 277 691 qui
300 652 392 678 cum
417 645 556 678 essent
577 639 692 678 ciues
714 640 885 678 Romani
913 638 1081 691 [liberti]
1101 669 1108 685 ,
1143 650 1292 677 nomen
1322 650 1442 677 suum
1468 638 1508 676 in
1531 637 1639 675 colo-

204 697 315 735 niam
337 695 567 735 dedissent.

317 753 362 791 In
392 753 457 791 his
486 754 557 804 qui
589 754 698 792 iuter
719 754 870 792 amicos
893 753 1245 791 manumittuntur
1268 753 1459 791 uoluntas
1481 750 1636 790 domini

204 816 438 861 spectatur:
466 810 533 848 lex
555 811 667 849 enim
690 811 804 850 Iunia
826 824 895 849 eos
917 810 1007 848 fieri
1030 810 1192 848 Latinos
1214 808 1353 857 iubet,
1380 822 1483 860 quos
1505 808 1640 847 domi-

205 879 283 906 nus
314 866 467 906 liberos
492 880 582 906 esse
615 867 760 906 uoluit.
810 867 913 919 quod
934 880 1026 906 cum
1051 867 1103 905 ita
1126 867 1199 916 sit,
1235 865 1361 905 debet
1384 866 1636 905 uoluntatem

204 924 525 963 manumittendi
544 924 698 963 habere
715 925 908 964 dominus
925 938 931 962 :
958 923 1072 962 unde
1090 925 1124 962 si
1142 936 1218 976 per
1234 923 1319 962 uim
1338 928 1500 962 coactus
1517 922 1637 962 uerbi

204 982 334 1031 giatia
356 980 408 1020 ab
431 981 569 1032 aliquo
590 982 742 1033 populo
758 982 826 1020 uel
844 996 865 1019 a
884 981 1060 1032 sinssulis
1077 980 1313 1019 hominibus
1331 993 1369 1018 ni
1375 980 1587 1019 anumisci
1592 980 1634 1025 it

204 1050 285 1076 non
316 1039 456 1078 ueniet
491 1050 639 1078 seiuus
669 1038 720 1077 ad
747 1039 1007 1078 libertatem
1043 1038 1139 1089 quia
1172 1050 1253 1076 non
1286 1037 1541 1087 intellegitur
1562 1050 1637 1076 uo-

203 1094 329 1134 luisse
351 1096 423 1146 qui
445 1102 610 1134 coactus
631 1103 706 1134 est.

316 1153 411 1190 Item
441 1159 485 1191 ut
515 1153 643 1203 possit
675 1151 830 1190 habere
863 1164 1011 1190 seruus
1032 1151 1293 1200 libertatem,
1331 1151 1424 1189 talis
1448 1163 1538 1189 esse
1563 1150 1637 1189 de-

203 1207 295 1259 bet7
320 1215 365 1248 ut
387 1215 554 1260 praetor
574 1210 639 1248 uel
661 1209 905 1260 proconsule
928 1207 1162 1247 libertatem
1178 1214 1366 1247 tucatur:
1395 1220 1488 1245 nani
1508 1213 1547 1245 et
1564 1207 1638 1245 hoc

296 1427 307 1455 4
339 1427 440 1465 quasi
472 1426 505 1462 V
529 1427 709 1465 tamquam
737 1425 760 1455 S
808 1425 821 1464 Η
874 1427 891 1454 Ξ
920 1424 1015 1455 uelut
1044 1425 1252 1459 Lachmann
1282 1423 1337 1455 uel
1356 1425 1482 1455 codices
1523 1423 1536 1463 Η
1577 1425 1636 1464 qui

203 1470 466 1511 stipulabantur
490 1471 516 1501 Γ
567 1470 580 1510 Η
637 1470 705 1510 uel]
734 1470 791 1501 uel
818 1470 886 1512 51η
907 1469 941 1504 S
970 1479 1034 1501 om.
1061 1470 1087 1500 1
1138 1469 1150 1509 Η
1207 1470 1398 1510 mancupio
1425 1470 1633 1506 Lachmann,

203 1517 469 1557 mancupationi
487 1526 574 1548 κατα
590 1525 721 1559 γραφη)
746 1517 778 1553 Γ
806 1524 871 1557 pe1
894 1516 1110 1556 scripturam
1134 1526 1221 1546 mm
1237 1525 1367 1558 γραφη)
1388 1514 1411 1545 S
1462 1515 1475 1555 Η
1531 1523 1636 1546 acce—

202 1564 300 1603 perat
321 1561 344 1593 S
383 1561 396 1601 Η
435 1562 492 1593 uel
510 1573 532 1604 η
553 1561 587 1599 S,
609 1562 667 1592 uel
687 1562 715 1592 15
732 1572 754 1603 η
779 1562 805 1591 Γ
840 1561 853 1601 Η
894 1570 1121 1604 quacumque
1149 1569 1256 1592 causa
1275 1561 1340 1591 alia
1367 1559 1566 1601 οιασόηποτε
1584 1571 1636 1592 αι-

200 1617 273 1638 *tvm
298 1605 409 1650 αλλση
435 1607 469 1644 S,
498 1586 789 1658 quib’uscumque
816 1607 935 1638 causis
960 1606 1040 1638 aliis
1066 1605 1286 1649 οιασὸηποται
1310 1604 1408 1648 &tx-qo
1434 1603 1541 1649 αὶὶησ
1566 1607 1590 1637 Γ
1627 1605 1638 1647 Η

203 1655 219 1683 3
248 1653 283 1684 id
307 1654 341 1690 Is,
370 1653 439 1684 hoc
458 1653 482 1684 S
529 1653 542 1693 Η
593 1653 608 1682 4
637 1653 755 1684 onmia
775 1651 869 1683 bona
888 1661 952 1683 om.
975 1654 999 1683 S
1038 1652 1050 1692 Η
1093 1654 1108 1682 4
1136 1651 1338 1703 peitinebat
1354 1662 1462 1683 αιεικε.
1468 1663 1493 1682 ιν
1515 1654 1537 1683 S
1555 1661 1636 1683 con-

201 1702 255 1730 tra
274 1699 361 1730 Pe'th.
403 1699 416 1738 Η
467 1701 484 1729 5
511 1699 571 1739 qui
589 1699 612 1729 i.
633 1708 664 1729 a.
685 1699 988 1729 manumittuntui
1007 1698 1041 1734 S,
1064 1699 1084 1729 i.
1107 1707 1137 1729 a.
1160 1698 1370 1729 manumissi
1397 1699 1421 1727 1
1469 1698 1481 1737 Η
1537 1700 1554 1728 6
1582 1699 1637 1729 10-

202 1744 285 1776 liani
310 1740 347 1777 Vl
399 1744 412 1784 Η
463 1744 519 1775 lex
537 1744 659 1775 iuliani
678 1753 784 1786 νομοσ
801 1741 927 1776 tomos
951 1744 977 1774 V
1028 1743 1042 1783 Η
1099 1746 1115 1774 7
1144 1744 1186 1774 iis
1206 1744 1230 1775 S
1269 1744 1282 1783 Η
1323 1752 1383 1774 eos
1407 1744 1433 1773 V
1448 1744 1549 1781 Pith.,
1569 1753 1632 1774 om.

202 1790 226 1821 S
269 1790 282 1831 Η
331 1789 522 1821 colanariis
545 1786 585 1821 Vl
636 1790 649 1830 Η
706 1792 722 1820 8
752 1798 834 1821 cum
852 1791 972 1821 essent
994 1790 1028 1826 Γ,
1050 1791 1134 1820 tunc
1153 1791 1252 1820 erant
1273 1790 1296 1820 S
1343 1789 1356 1829 Η
1406 1798 1635 1820 romanorum

203 1835 227 1867 S
281 1835 294 1876 Η
348 1835 468 1867 liberti
492 1836 527 1873 V,
556 1838 589 1867 et
608 1835 631 1867 S
686 1835 699 1875 Η
754 1836 931 1867 coloniam
956 1836 989 1872 V,
1019 1835 1201 1866 ciuitatem
1221 1836 1264 1866 S:
1294 1835 1471 1866 coloniam
1491 1835 1634 1866 latinam

202 1881 355 1912 Huschke
394 1881 408 1922 Η
451 1883 489 1911 40
517 1881 571 1912 his
587 1891 719 1912 τουτοισ
738 1881 773 1917 S,
796 1882 847 1913 eis
863 1890 995 1912 τουτοισ
1019 1881 1046 1911 Γ
1081 1882 1094 1921 Η
1136 1881 1356 1912 uoluntatem
1376 1880 1511 1912 domini
1532 1890 1635 1921 spec-

200 1928 274 1958 tant
299 1923 410 1958 &eieci
435 1924 596 1958 δεσποτου
622 1936 792 1958 amorrei-tat
815 1927 842 1957 V
889 1926 902 1966 Η
961 1929 993 1956 44
1026 1926 1082 1958 lex
1107 1927 1202 1958 enim
1229 1926 1314 1957 iulia
1339 1927 1373 1961 V,
1402 1927 1461 1967 qui
1483 1926 1517 1961 S,
1545 1936 1637 1967 quae

201 1972 288 2003 Pith.
330 1971 344 2012 Η
384 1972 482 2004 iubet
499 1981 559 2003 eos
577 1971 652 2003 fieri
671 1973 730 2004 lat.
750 1973 773 2004 S
812 1972 825 2013 Η
866 1981 958 2025 quos
974 1972 1008 2009 S,
1030 1981 1101 2013 quo
1122 1973 1149 2003 V
1184 1972 1197 2012 Η
1241 1974 1279 2002 42
1298 1971 1395 2012 quod
1415 1981 1499 2003 cum
1517 1973 1563 2003 ita
1578 1973 1633 2007 5111

199 2017 267 2049 hoc
285 2019 402 2050 tamen
422 2026 505 2049 cum
522 2018 569 2049 ita
586 2017 741 2049 habeant
756 2028 854 2049 τουτο
873 2016 913 2061 δη
937 2016 988 2061 (δη
1007 2026 1072 2049 om
1091 2018 1176 2049 Pith.
1185 2021 1191 2052 )
1214 2028 1273 2049 ουτ
1275 2027 1323 2049 ωσ
1340 2027 1476 2062 εχοντεσ
1493 2018 1517 2049 S
1532 2018 1616 2049 ΡΜ).

199 2063 265 2095 hoc·
284 2065 402 2094 tamen
422 2064 473 2095 sic
491 2063 627 2094 habens
642 2074 741 2095 τουτο
760 2062 801 2106 ὃη
820 2073 929 2095 ουτωσ
946 2073 1024 2108 εχο)
1048 2064 1076 2094 Γ
1118 2063 1132 2103 Η
1180 2063 1285 2095 debet
1303 2064 1486 2095 noiantate
1491 2072 1525 2094 m
1547 2064 1637 2106 (προ-

199 2119 321 2152 αιρεσι)
345 2109 371 2140 Γ
374 2107 401 2147 g)
423 2109 700 2140 manumittendi
730 2110 788 2141 (sic
806 2109 1014 2146 Lachmann,
1035 2109 1321 2140 manumittentis
1346 2110 1383 2148 V)
1416 2109 1497 2142 hab
1517 2109 1600 2140 don
1607 2111 1636 2139 i-

552 2159 583 2178 ΘΥ

199 2197 268 2220 nus
299 2189 334 2226 Γ,
367 2188 497 2220 debent
523 2189 742 2229 promissum
771 2190 830 2227 (sie
853 2185 899 2225 Sl,
927 2198 1117 2230 προαιρεσιν
1145 2187 1197 2228 Sg)
1234 2189 1527 2220 manumittentes
1551 2189 1631 2221 bal).

200 2233 294 2271 (hab.
312 2234 481 2266 dominus
496 2232 550 2273 Sg,
566 2243 601 2265 u.
617 2236 639 2265 i.
657 2235 701 2265 ad
715 2237 752 2265 43
769 2233 928 2271 coactus)
948 2234 984 2272 S,
1000 2233 1106 2265 debet
1118 2235 1337 2276 promissum
1352 2236 1636 2266 manumittentis

197 2279 278 2311 hab.
300 2280 469 2312 dominus
488 2280 646 2311 Pithoeus
685 2279 698 2320 Η
741 2282 779 2310 43
807 2281 952 2311 coactus
976 2278 1045 2310 VSg
1064 2281 1166 2318 ΡῖῑΙι.,
1196 2280 1365 2312 dominus
1383 2283 1531 2312 coactus
1551 2277 1584 2311 Sl
1623 2278 1635 2321 Η

199 2328 237 2356 46
259 2326 454 2366 gratiarum
469 2336 567 2370 χαριν
592 2326 619 2356 Γ
670 2325 683 2365 Η
738 2325 783 2357 ab
802 2325 921 2366 aliquo
947 2325 1079 2366 populo
1103 2327 1138 2363 1
1167 2325 1211 2357 ab
1235 2326 1354 2367 aliquo
1375 2326 1418 2357 S:
1446 2327 1634 2365 requiritur

198 2371 381 2412 apopulo,
409 2371 452 2411 cf.
473 2372 551 2412 Diq.
572 2373 627 2410 ¹00,
649 2373 680 2409 9,
702 2373 814 2410 47pr.
857 2371 870 2410 Η
911 2380 928 2402 3
949 2371 1097 2412 51000115
1113 2371 1351 2403 homlnlbus
1339 2383 1384 2415 αφ
1402 2381 1477 2402 evoe
1494 2380 1633 2402 εκαστου

198 2414 385 2459 ανθρωπων
411 2418 445 2454 Γ,
473 2416 518 2449 31)
542 2425 759 2457 unoquoque
784 2416 970 2448 hominum
996 2428 1059 2448 υπο
1084 2427 1174 2449 τινοσ
1196 2427 1336 2449 εκαστου
1355 2428 1404 2448 αν
1396 2413 1541 2459 ὶρωπων
1562 2417 1585 2447 S
1623 2414 1635 2457 Η

199 2464 240 2493 45
258 2463 378 2494 ueniet
394 2472 527 2506 ερχεται
544 2462 579 2496 S
599 2462 753 2503 potuerit
772 2460 940 2493 aiacem
960 2463 1002 2493 V:
1021 2464 1206 2503 perueniet
1225 2464 1417 2494 Lachmann
1459 2462 1472 2500 Η
1515 2464 1554 2492 46
1581 2464 1631 2492 est

203 2507 239 2545 V,
258 2509 465 2539 manumisit
485 2508 509 2539 S
555 2508 567 2548 Η
619 2511 656 2538 47
685 2508 768 2539 item
789 2508 995 2545 Lachmann,
1017 2508 1182 2539 similitei
1199 2509 1326 2539 codices
1367 2507 1380 2545 Η
1422 2516 1548 2538 seiuus
1566 2516 1628 2538 ont.

199 2553 223 2583 S
254 2552 267 2592 Η
302 2555 341 2584 48
360 2555 572 2595 praeceptor
588 2563 773 2597 στρατηγοσ
787 2553 811 2584 S
843 2553 855 2593 Η
888 2553 945 2584 uel
964 2556 1097 2592 scripsi,
1118 2555 1196 2584 eius
1210 2553 1266 2584 uel
1282 2553 1318 2587 S,
1340 2554 1416 2583 cius
1433 2553 1462 2583 si
1482 2562 1568 2584 uero
1589 2553 1631 2583 V:

197 2599 275 2630 eius
288 2602 364 2637 post
382 2598 580 2631 libertatem
596 2600 735 2631 collocat
750 2599 876 2630 Roever
908 2598 921 2639 Η
955 2598 1154 2631 libertatem
1173 2624 1178 2630 .
1199 2623 1204 2629 .
1226 2624 1230 2629 .
1254 2599 1331 2635 454,
1350 2600 1388 2628 46
1408 2598 1634 2629 ususfructus

197 2652 261 2675 om,
281 2644 304 2675 S

1667 760 1704 787 40

1666 1045 1704 1073 45
