1942 3081
801 81 1227 120 —150—

354 219 440 243 cum
463 208 576 244 hodie
598 209 657 244 hic
680 208 799 245 codex
823 209 858 244 in
881 208 1002 244 media
1026 207 1044 255 ξ
1065 211 1083 245 4
1108 209 1271 251 deficiat,
1299 219 1368 243 nec
1391 210 1518 253 sciam,
1548 213 1674 244 utrum

356 267 500 311 integer
521 266 568 301 sit
589 277 636 301 an
658 267 817 301 sortasse
840 266 926 302 folia
948 266 1127 302 nonnulla
1150 266 1273 301 excisa
1298 267 1386 301 sint.
1439 266 1511 301 hoe
1543 267 1674 311 utique

354 328 500 358 constat
532 323 628 359 duas
659 329 696 359 et
717 323 852 359 Graeci
884 328 917 358 et
942 323 1058 359 Latini
1091 327 1291 359 contextus
1314 323 1554 358 recensiones
1576 324 1676 358 inter

354 391 394 416 se
427 380 598 416 diuersas
628 380 688 415 his
713 379 819 416 libris
840 380 950 416 nobis
973 380 1127 416 traditas
1149 391 1246 423 esse,
1283 390 1444 425 quarum
1468 380 1623 415 alteram
1650 381 1679 414 V

354 437 476 480 solus,
513 438 669 473 alteram
700 438 727 474 S
757 438 786 472 P
812 438 989 473 Pithoeus
1019 442 1324 483 repraesentent,
1366 442 1401 472 et
1434 437 1546 473 modo
1578 437 1675 472 hanc

355 495 467 531 modo
490 495 588 530 illam
611 507 630 530 a
654 494 882 531 Dositheano
906 500 1082 531 contextu
1106 496 1264 540 propius
1286 493 1437 530 abesse.
1497 505 1582 530 cum
1604 505 1675 529 au-

355 557 431 587 tem
462 551 576 587 huius
608 552 805 597 fragmenti
838 552 974 587 editori
1005 551 1042 586 id
1073 551 1260 596 agendum
1284 561 1366 587 esse
1389 557 1491 586 recte
1514 551 1676 587 demon-

356 610 534 644 strauerit
552 609 708 645 Carolus
725 608 942 644 Lachmann
955 605 1001 656 ¹),
1027 613 1067 643 ut
1089 609 1296 653 genuinum
1317 609 1562 644 iureconsulti
1579 619 1677 655 opus

356 666 609 711 redintegret,
656 667 691 700 in
731 666 801 701 hac
833 666 997 701 editione
1030 666 1201 700 Latinum
1227 670 1444 701 contextum
1475 667 1674 711 pristinum

356 734 427 769 ope
458 724 698 769 potissimum
728 723 928 768 utriusque
951 723 1066 757 Latini
1101 727 1300 758 contextus
1331 724 1396 767 qui
1427 723 1588 758 traditur
1610 734 1676 758 re-

355 791 540 826 cuperare
562 780 790 816 studuimus.
845 785 1043 825 praeterea
1066 779 1203 815 Graeci
1223 784 1423 815 contextus
1444 781 1675 825 comparatio

356 837 555 872 nonnullas
586 838 704 873 Latini
745 841 944 873 contextus
982 837 1193 873 locutiones
1233 847 1435 881 peruersas
1476 847 1522 872 ex
1557 847 1675 882 praua

356 894 488 930 Graeci
521 899 720 930 contextus
750 895 928 930 uersione
960 899 1061 930 ortas
1093 905 1175 929 esse
1207 894 1356 929 docuit:
1393 895 1515 930 rarius
1544 894 1607 930 hic
1630 904 1675 930 eo

355 952 475 995 duxit,
512 955 552 986 ut
583 951 765 987 leuiculas
787 952 970 997 quasdam
993 951 1108 986 Latini
1132 955 1330 986 contextus
1351 952 1590 996 corruptelas
1611 962 1677 986 re-

355 1007 588 1045 centioribus
610 1009 765 1044 demum
786 1008 948 1044 librariis
970 1007 1101 1044 deberi
1122 1009 1443 1053 intellegeremus.
1498 1009 1534 1044 in
1555 1019 1677 1054 appa-

357 1071 439 1101 ratu
471 1067 601 1102 critico
633 1067 898 1112 componendo
929 1066 1103 1101 codicum
1129 1067 1159 1100 V
1177 1071 1211 1100 et
1234 1065 1261 1101 S
1284 1066 1466 1101 lectiones
1489 1076 1534 1100 ex
1556 1066 1678 1102 Boec-

356 1123 468 1168 kingii
490 1123 654 1159 editione
667 1119 693 1172 2)
724 1125 997 1170 repetiuimus3
1024 1123 1168 1158 Pithoei
1195 1123 1397 1158 editionem
1420 1124 1489 1168 ipsi
1512 1123 1678 1159 contuli-

356 1191 462 1224 mus,
508 1181 536 1215 P
573 1181 747 1216 dedimus
778 1181 824 1216 ad
856 1180 1117 1226 apographum
1147 1181 1220 1215 uiri
1251 1180 1454 1216 doctissimi
1488 1181 1625 1216 Delisle
1657 1192 1676 1216 a

355 1238 566 1273 Boucherio
588 1238 732 1273 edit-um
744 1234 792 1287 3).
846 1243 959 1283 atque
981 1237 1124 1272 Pithoei
1147 1237 1302 1282 quidem
1323 1237 1526 1273 editionem
1549 1239 1586 1272 in
1607 1237 1678 1273 ad-

356 1297 547 1331 notatione
581 1296 708 1331 critica
740 1306 816 1331 non
837 1295 1076 1330 laudauimus
1101 1295 1171 1329 nisi
1194 1294 1258 1330 ubi
1281 1293 1328 1329 ab
1350 1294 1377 1330 S
1398 1294 1553 1330 recedit.
1609 1305 1679 1330 co·-

356 1352 483 1387 ‹licum
510 1352 594 1388 VSP
620 1358 746 1388 autem
776 1352 930 1397 plenam
956 1352 1165 1397 scripturae
1189 1351 1481 1396 discrepantiam
1503 1353 1678 1388 enotaui-

356 1420 440 1444 mus
451 1405 501 1456 4).
551 1410 589 1445 in
611 1408 629 1455 ξ
658 1413 667 1445 1
700 1420 786 1445 cum
807 1409 942 1444 tradita
963 1409 1073 1444 lectio
1095 1409 1204 1443 nimis
1226 1407 1273 1443 ab
1296 1420 1338 1444 ea
1362 1409 1535 1448 recedat,
1563 1420 1678 1454 quam

355 1468 557 1511 genuinam
588 1467 833 1502 iureconsulti
866 1466 980 1501 fuisse
1013 1466 1174 1501 diuinari
1205 1466 1327 1510 liceat,
1365 1467 1499 1511 pagina
1525 1467 1562 1501 in
1584 1466 1679 1501 (luas

357 1524 552 1559 columnas
584 1524 706 1560 diuisa
737 1525 865 1569 priore
897 1524 979 1560 loco
1011 1523 1186 1558 traditam
1215 1523 1430 1566 lectionem,
1467 1525 1679 1569 posteriore

357 1585 576 1617 contextum
607 1592 627 1617 e
655 1582 807 1627 regione
832 1582 1032 1627 posuimus
1053 1582 1102 1616 ita
1124 1581 1356 1623 restitutum,
1392 1585 1433 1615 ut.
1455 1581 1534 1616 sere
1557 1580 1680 1617 Lach—

358 1639 482 1673 manni
505 1640 767 1675 recensionem
788 1649 1054 1684 sequeremur.
1109 1636 1127 1683 §
1152 1640 1168 1671 “2
1197 1643 1230 1672 et
1258 1641 1277 1674 3
1311 1648 1387 1674 non
1412 1637 1586 1673 dedimus
1608 1639 1678 1673 nisi

357 1695 530 1730 traditam
562 1696 784 1732 lectionem:
826 1695 908 1730 fieri
939 1696 1040 1730 enim
1071 1704 1185 1741 posse
1217 1705 1419 1740 negamus,
1457 1700 1497 1730 ut·
1527 1706 1571 1730 ex
1603 1701 1680 1730 tam

356 1755 547 1798 corruptis
583 1754 799 1798 mutilisque
836 1753 1031 1788 sententiis
1067 1753 1230 1797 genuina
1266 1753 1392 1797 operis
1429 1752 1543 1787 facies
1579 1752 1680 1788 diui-

358 1809 482 1845 nando
509 1815 775 1855 recuperetur.
830 1814 943 1854 atque
977 1810 1012 1844 in
1043 1809 1201 1854 reliquis
1233 1820 1387 1854 quoque
1420 1819 1493 1844 non
1515 1813 1590 1844 tam
1611 1819 1680 1854 ge-

359 1867 515 1902 nuinum
552 1867 799 1902 iureconsulti
835 1877 1051 1902 sermonem
1083 1877 1197 1911 quam
1229 1877 1309 1902 rem
1340 1867 1460 1911 ipsam
1492 1877 1528 1911 q.
1565 1866 1604 1901 d.
1640 1878 1674 1902 a.

357 1924 516 1969 adsequi
539 1934 607 1960 nos
630 1935 742 1969 posse
764 1934 988 1969 persuasum
1010 1922 1210 1958 habemus.

443 2036 523 2065 1‘=
544 2034 895 2075 Lugduno-Batauus
913 2043 946 2065 n.
969 2036 1008 2064 80
1029 2043 1122 2065 saec.
1146 2033 1192 2064 IX
1211 2034 1268 2065 uel
1287 2033 1319 2064 X

439 2083 462 2111 S
480 2094 520 2107 =
541 2080 892 2121 Lugduno-Batauus
911 2089 945 2111 n.
969 2082 1003 2110 61
1031 2080 1168 2121 (incipit
1186 2078 1200 2119 ᾖ
1219 2083 1247 2116 Ξ)

440 2127 464 2157 Ρ
483 2139 522 2152 =
544 2127 752 2158 I'arisiensis
770 2127 844 2157 Lat.
866 2127 951 2156 6503
971 2134 1065 2157 saec.
1086 2125 1117 2156 X
1136 2126 1193 2157 uel
1212 2125 1258 2156 XI
1290 2126 1428 2167 {incipit
1449 2123 1464 2166 ἕ
1482 2128 1514 2163 2,
1536 2125 1602 2157 (le-

505 2173 589 2203 sinit
605 2173 639 2203 in
660 2170 674 2212 §
695 2173 710 2203 4
730 2181 765 2213 p.
788 2174 864 2209 ⁴52,
886 2174 903 2201 8
922 2172 1055 2210 libertis

441 2218 525 2249 pith.
545 2231 586 2244 =
606 2217 742 2249 Pithoei
760 2217 868 2248 editio
886 2226 918 2248 a.
941 2220 1026 2248 4573
1053 2217 1187 2258 ‘incipit
1206 2215 1220 2257 ξ
1240 2219 1268 2253 25

357 2263 418 2295 ubi
438 2264 582 2295 Latinus
609 2266 643 2294 et
661 2264 818 2294 Graecus
841 2265 1028 2294 contextus
1053 2264 1145 2294 inter
1168 2272 1204 2294 se
1223 2262 1439 2304 discrepant,
1469 2262 1568 2293 illum
1588 2263 1680 2295 notis

365 2306 402 2339 ΓΙ
422 2309 479 2341 uel
499 2305 547 2347 8¹,
568 2309 663 2340 hunc
682 2309 774 2340 notis
797 2307 841 2339 1²0⁷
856 2309 914 2340 uel
935 2307 977 2340 Sg
997 2308 1250 2340 iudicauimus.

1045 2387 1322 2393 ⁷«s„r>s⁴2⁴srr
1381 2386 1487 2393 ssll..„
1509 2388 1514 2391 ,
1547 2386 1602 2393 ,ἶκ
1632 2386 1706 2393 κ.ι,κι

409 2435 416 2474 )
445 2434 609 2466 Versuch
627 2433 717 2465 iiber
732 2433 936 2465 Dositheus.
966 2433 1081 2465 Berlin
1102 2436 1200 2465 4837.
1223 2435 1253 2463 4.

409 2482 416 2519 )
447 2480 602 2512 Dosithei
621 2480 781 2521 magistri
796 2480 1194 2520 interpretamentorum
1209 2479 1300 2510 liber
1314 2480 1449 2511 tertius.
1478 2479 1621 2511 Bonnae
1639 2482 1736 2511 ⁴832.

409 2528 415 2565 )
447 2527 483 2558 L.
505 2535 536 2557 c.
557 2535 591 2567 p.
613 2528 677 2557 526
693 2534 746 2566 sq.

411 2574 416 2609 J,
444 2571 543 2609 Quae
560 2573 595 2602 in
611 2571 635 2603 S
653 2571 696 2603 ad
716 2571 908 2611 marginem
929 2570 984 2601 uc]
1004 2579 1111 2612 supra
1131 2579 1277 2602 uersum
1296 2569 1475 2610 adscripta
1493 2572 1588 2608 sunt,
1607 2571 1741 2612 quippe

299 2627 393 2658 quae
410 2617 455 2648 ad
473 2617 640 2657 scaligeri
661 2616 930 2648 emendationes
952 2616 1110 2655 redeant,
1132 2625 1202 2648 non
1222 2616 1599 2648 commemorauimus.

397 2434 405 2456 1

391 2479 405 2502 ‘2

391 2524 406 2547 3

392 2570 406 2594 4
