<?xml version="1.0" encoding="UTF-8"?>
<!DOCTYPE html PUBLIC "-//W3C//DTD XHTML 1.0 Transitional//EN"
    "http://www.w3.org/TR/xhtml1/DTD/xhtml1-transitional.dtd">
<html xmlns="http://www.w3.org/1999/xhtml" xml:lang="en" lang="en">
 <head>
  <title>
</title>
<meta http-equiv="Content-Type" content="text/html;charset=utf-8" />
  <meta name='ocr-system' content='tesseract 3.04.00' />
  <meta name='ocr-capabilities' content='ocr_page ocr_carea ocr_par ocr_line ocrx_word'/>
</head>
<body>
  <div class='ocr_page' id='page_1' title='image "./collectiolibroru02krue_0072.png"; bbox 0 0 1942 3081; ppageno 0'>
   <div class='ocr_carea' id='block_1_1' title="bbox 343 85 1257 126">
    <p class='ocr_par' dir='ltr' id='par_1_1' title="bbox 343 85 1257 126">
     <span class='ocr_line' id='line_1_1' title="bbox 343 85 1257 126; baseline -0.002 -10"><span class='ocrx_word' id='word_1_1' title='bbox 343 85 649 122; x_wconf 70' lang='lat' dir='ltr'>Pau1.1,2111.i</span> <span class='ocrx_word' id='word_1_2' title='bbox 860 109 973 115; x_wconf 89' lang='lat'>—</span> <span class='ocrx_word' id='word_1_3' title='bbox 1033 87 1085 126; x_wconf 78' lang='grc'>60</span> <span class='ocrx_word' id='word_1_4' title='bbox 1144 108 1257 114; x_wconf 88' lang='lat'>—.</span> 
     </span>
    </p>
   </div>
   <div class='ocr_carea' id='block_1_2' title="bbox 260 209 1776 1119">
    <p class='ocr_par' dir='ltr' id='par_1_2' title="bbox 260 209 1776 1119">
     <span class='ocr_line' id='line_1_2' title="bbox 342 209 1776 263; baseline 0.001 -15"><span class='ocrx_word' id='word_1_5' title='bbox 342 209 439 249; x_wconf 67' lang='lat' dir='ltr'>‘&#39;‘ubi</span> <span class='ocrx_word' id='word_1_6' title='bbox 462 223 612 262; x_wconf 89' lang='lat' dir='ltr'>corpus</span> <span class='ocrx_word' id='word_1_7' title='bbox 634 211 715 250; x_wconf 90' lang='lat' dir='ltr'>iam</span> <span class='ocrx_word' id='word_1_8' title='bbox 737 210 975 263; x_wconf 86' lang='lat' dir='ltr'>depositum</span> <span class='ocrx_word' id='word_1_9' title='bbox 999 218 1083 261; x_wconf 78' lang='lat' dir='ltr'>est,</span> <span class='ocrx_word' id='word_1_10' title='bbox 1118 211 1233 250; x_wconf 89' lang='lat' dir='ltr'>aliud</span> <span class='ocrx_word' id='word_1_11' title='bbox 1254 224 1403 262; x_wconf 87' lang='lat' dir='ltr'>corpus</span> <span class='ocrx_word' id='word_1_12' title='bbox 1424 210 1568 249; x_wconf 80' lang='lat' dir='ltr'>inferri</span> <span class='ocrx_word' id='word_1_13' title='bbox 1591 222 1672 249; x_wconf 91' lang='lat' dir='ltr'>non</span> <span class='ocrx_word' id='word_1_14' title='bbox 1696 222 1776 262; x_wconf 92' lang='lat' dir='ltr'>po-</span> 
     </span>
     <span class='ocr_line' id='line_1_3' title="bbox 340 267 1768 320; baseline -0.001 -14"><span class='ocrx_word' id='word_1_15' title='bbox 340 268 458 318; x_wconf 52' lang='lat' dir='ltr'>*test‚</span> <span class='ocrx_word' id='word_1_16' title='bbox 486 275 524 306; x_wconf 86' lang='lat' dir='ltr'>et</span> <span class='ocrx_word' id='word_1_17' title='bbox 549 269 620 319; x_wconf 87' lang='lat' dir='ltr'>qui</span> <span class='ocrx_word' id='word_1_18' title='bbox 643 269 829 308; x_wconf 87' lang='lat' dir='ltr'>intulerit</span> <span class='ocrx_word' id='word_1_19' title='bbox 852 282 947 309; x_wconf 87' lang='lat' dir='ltr'>reus</span> <span class='ocrx_word' id='word_1_20' title='bbox 968 269 1180 320; x_wconf 81' lang='lat' dir='ltr'>sepulchri</span> <span class='ocrx_word' id='word_1_21' title='bbox 1205 268 1343 307; x_wconf 89' lang='lat' dir='ltr'>uiolati</span> <span class='ocrx_word' id='word_1_22' title='bbox 1366 267 1565 319; x_wconf 87' lang='lat' dir='ltr'>postulari</span> <span class='ocrx_word' id='word_1_23' title='bbox 1595 269 1768 319; x_wconf 50' lang='lat' dir='ltr'>potest?</span> 
     </span>
     <span class='ocr_line' id='line_1_4' title="bbox 263 323 1776 378; baseline 0.001 -17"><span class='ocrx_word' id='word_1_24' title='bbox 263 324 311 362; x_wconf 92' lang='grc'>40</span> <span class='ocrx_word' id='word_1_25' title='bbox 339 324 417 370; x_wconf 87' lang='lat' dir='ltr'>Qui</span> <span class='ocrx_word' id='word_1_26' title='bbox 440 324 621 364; x_wconf 90' lang='lat' dir='ltr'>alienum</span> <span class='ocrx_word' id='word_1_27' title='bbox 644 333 848 365; x_wconf 88' lang='lat' dir='ltr'>mortuum</span> <span class='ocrx_word' id='word_1_28' title='bbox 873 326 1107 378; x_wconf 81' lang='lat' dir='ltr'>sepelierit,</span> <span class='ocrx_word' id='word_1_29' title='bbox 1135 326 1168 363; x_wconf 89' lang='lat' dir='ltr'>si</span> <span class='ocrx_word' id='word_1_30' title='bbox 1193 327 1234 364; x_wconf 89' lang='lat' dir='ltr'>in</span> <span class='ocrx_word' id='word_1_31' title='bbox 1258 324 1383 364; x_wconf 88' lang='lat' dir='ltr'>funus</span> <span class='ocrx_word' id='word_1_32' title='bbox 1405 326 1493 363; x_wconf 89' lang='lat' dir='ltr'>eius</span> <span class='ocrx_word' id='word_1_33' title='bbox 1515 323 1674 376; x_wconf 91' lang='lat' dir='ltr'>aliquid</span> <span class='ocrx_word' id='word_1_34' title='bbox 1697 325 1776 363; x_wconf 91' lang='lat' dir='ltr'>im-</span> 
     </span>
     <span class='ocr_line' id='line_1_5' title="bbox 340 380 1775 434; baseline 0 -15"><span class='ocrx_word' id='word_1_35' title='bbox 340 381 548 432; x_wconf 81' lang='lat' dir='ltr'>penderit,</span> <span class='ocrx_word' id='word_1_36' title='bbox 577 384 765 434; x_wconf 85' lang='lat' dir='ltr'>recipere</span> <span class='ocrx_word' id='word_1_37' title='bbox 790 383 829 422; x_wconf 91' lang='lat' dir='ltr'>id</span> <span class='ocrx_word' id='word_1_38' title='bbox 853 383 905 421; x_wconf 84' lang='lat' dir='ltr'>ab</span> <span class='ocrx_word' id='word_1_39' title='bbox 928 382 1081 422; x_wconf 85' lang='lat' dir='ltr'>herede</span> <span class='ocrx_word' id='word_1_40' title='bbox 1108 383 1176 422; x_wconf 91' lang='lat' dir='ltr'>uel</span> <span class='ocrx_word' id='word_1_41' title='bbox 1199 396 1220 421; x_wconf 90' lang='lat' dir='ltr'>a</span> <span class='ocrx_word' id='word_1_42' title='bbox 1242 388 1357 434; x_wconf 84' lang='lat' dir='ltr'>patre</span> <span class='ocrx_word' id='word_1_43' title='bbox 1380 382 1446 420; x_wconf 86' lang='lat' dir='ltr'>uel</span> <span class='ocrx_word' id='word_1_44' title='bbox 1469 394 1491 419; x_wconf 88' lang='lat' dir='ltr'>a</span> <span class='ocrx_word' id='word_1_45' title='bbox 1515 380 1680 420; x_wconf 92' lang='lat' dir='ltr'>domino</span> <span class='ocrx_word' id='word_1_46' title='bbox 1701 393 1775 432; x_wconf 92' lang='lat' dir='ltr'>po-</span> 
     </span>
     <span class='ocr_line' id='line_1_6' title="bbox 263 437 1775 492; baseline 0.001 -16"><span class='ocrx_word' id='word_1_47' title='bbox 263 438 305 476; x_wconf 90' lang='grc'>44</span> <span class='ocrx_word' id='word_1_48' title='bbox 340 445 436 478; x_wconf 83' lang='lat' dir='ltr'>test.</span> <span class='ocrx_word' id='word_1_49' title='bbox 500 439 695 478; x_wconf 45' lang='lat' dir='ltr'>*Maritus</span> <span class='ocrx_word' id='word_1_50' title='bbox 727 440 770 479; x_wconf 88' lang='lat' dir='ltr'>id</span> <span class='ocrx_word' id='word_1_51' title='bbox 799 440 909 492; x_wconf 83' lang='lat' dir='ltr'>quod</span> <span class='ocrx_word' id='word_1_52' title='bbox 942 442 983 479; x_wconf 91' lang='lat' dir='ltr'>in</span> <span class='ocrx_word' id='word_1_53' title='bbox 1018 439 1143 479; x_wconf 87' lang='lat' dir='ltr'>sunus</span> <span class='ocrx_word' id='word_1_54' title='bbox 1176 440 1314 478; x_wconf 80' lang='lat' dir='ltr'>uxoris</span> <span class='ocrx_word' id='word_1_55' title='bbox 1347 438 1551 490; x_wconf 83' lang='lat' dir='ltr'>impendit</span> <span class='ocrx_word' id='word_1_56' title='bbox 1589 451 1641 477; x_wconf 79' lang='lat' dir='ltr'>ex</span> <span class='ocrx_word' id='word_1_57' title='bbox 1681 437 1775 477; x_wconf 85' lang='lat' dir='ltr'>dote</span> 
     </span>
     <span class='ocr_line' id='line_1_7' title="bbox 263 496 1775 549; baseline 0.001 -16"><span class='ocrx_word' id='word_1_58' title='bbox 263 496 312 534; x_wconf 73' lang='lat'>4⁶2</span> <span class='ocrx_word' id='word_1_59' title='bbox 340 496 548 535; x_wconf 59' lang='lat' dir='ltr'>&#39;‘retinere</span> <span class='ocrx_word' id='word_1_60' title='bbox 585 503 735 548; x_wconf 88' lang='lat' dir='ltr'>potest.</span> <span class='ocrx_word' id='word_1_61' title='bbox 800 498 941 549; x_wconf 74' lang='lat' dir='ltr'>Neque</span> <span class='ocrx_word' id='word_1_62' title='bbox 981 497 1088 536; x_wconf 82' lang='lat' dir='ltr'>iuxta</span> <span class='ocrx_word' id='word_1_63' title='bbox 1125 503 1438 535; x_wconf 86' lang='lat' dir='ltr'>monumentum</span> <span class='ocrx_word' id='word_1_64' title='bbox 1475 508 1614 547; x_wconf 84' lang='lat' dir='ltr'>noque</span> <span class='ocrx_word' id='word_1_65' title='bbox 1650 507 1775 547; x_wconf 87' lang='lat' dir='ltr'>supra</span> 
     </span>
     <span class='ocr_line' id='line_1_8' title="bbox 339 552 1776 593; baseline 0 -2"><span class='ocrx_word' id='word_1_66' title='bbox 339 554 681 592; x_wconf 45' lang='lat' dir='ltr'>*monumentum</span> <span class='ocrx_word' id='word_1_67' title='bbox 706 554 921 593; x_wconf 80' lang='lat' dir='ltr'>habitandi</span> <span class='ocrx_word' id='word_1_68' title='bbox 945 555 1009 593; x_wconf 89' lang='lat' dir='ltr'>ius</span> <span class='ocrx_word' id='word_1_69' title='bbox 1033 561 1115 592; x_wconf 84' lang='lat' dir='ltr'>est:</span> <span class='ocrx_word' id='word_1_70' title='bbox 1143 560 1297 592; x_wconf 86' lang='lat' dir='ltr'>attactu</span> <span class='ocrx_word' id='word_1_71' title='bbox 1313 554 1423 592; x_wconf 87' lang='lat' dir='ltr'>enim</span> <span class='ocrx_word' id='word_1_72' title='bbox 1447 552 1776 592; x_wconf 84' lang='lat' dir='ltr'>conuersationis</span> 
     </span>
     <span class='ocr_line' id='line_1_9' title="bbox 340 609 1774 662; baseline 0 -14"><span class='ocrx_word' id='word_1_73' title='bbox 340 611 566 650; x_wconf 53' lang='lat' dir='ltr'>*humanae</span> <span class='ocrx_word' id='word_1_74' title='bbox 590 611 798 662; x_wconf 85' lang='lat' dir='ltr'>piac-ulum</span> <span class='ocrx_word' id='word_1_75' title='bbox 821 611 1078 650; x_wconf 77' lang='lat' dir='ltr'>admittitur:</span> <span class='ocrx_word' id='word_1_76' title='bbox 1114 617 1150 649; x_wconf 89' lang='lat' dir='ltr'>et</span> <span class='ocrx_word' id='word_1_77' title='bbox 1176 611 1247 661; x_wconf 86' lang='lat' dir='ltr'>qui</span> <span class='ocrx_word' id='word_1_78' title='bbox 1271 617 1411 649; x_wconf 84' lang='lat' dir='ltr'>contra</span> <span class='ocrx_word' id='word_1_79' title='bbox 1435 622 1481 648; x_wconf 84' lang='lat' dir='ltr'>ea</span> <span class='ocrx_word' id='word_1_80' title='bbox 1507 609 1673 659; x_wconf 71' lang='lat' dir='ltr'>fecerit,</span> <span class='ocrx_word' id='word_1_81' title='bbox 1699 621 1774 661; x_wconf 86' lang='lat' dir='ltr'>pro</span> 
     </span>
     <span class='ocr_line' id='line_1_10' title="bbox 339 666 1770 719; baseline 0 -14"><span class='ocrx_word' id='word_1_82' title='bbox 339 668 562 718; x_wconf 58' lang='lat' dir='ltr'>*qualitate</span> <span class='ocrx_word' id='word_1_83' title='bbox 599 681 801 719; x_wconf 79' lang='lat' dir='ltr'>personae</span> <span class='ocrx_word' id='word_1_84' title='bbox 831 669 898 707; x_wconf 89' lang='lat' dir='ltr'>uel</span> <span class='ocrx_word' id='word_1_85' title='bbox 920 681 1062 719; x_wconf 34' lang='lat' dir='ltr'>&#39;opere</span> <span class='ocrx_word' id='word_1_86' title='bbox 1094 666 1262 718; x_wconf 88' lang='lat' dir='ltr'>publico</span> <span class='ocrx_word' id='word_1_87' title='bbox 1294 667 1359 706; x_wconf 88' lang='lat' dir='ltr'>uel</span> <span class='ocrx_word' id='word_1_88' title='bbox 1393 668 1516 705; x_wconf 85' lang='lat' dir='ltr'>exilio</span> <span class='ocrx_word' id='word_1_89' title='bbox 1557 666 1770 705; x_wconf 86' lang='lat' dir='ltr'>multatur.</span> 
     </span>
     <span class='ocr_line' id='line_1_11' title="bbox 261 724 1775 775; baseline 0 -13"><span class='ocrx_word' id='word_1_90' title='bbox 261 724 308 762; x_wconf 87' lang='grc'>43</span> <span class='ocrx_word' id='word_1_91' title='bbox 339 725 559 763; x_wconf 58' lang='grc' dir='ltr'>ιῬῑιν6ῐιῐ65</span> <span class='ocrx_word' id='word_1_92' title='bbox 581 732 621 763; x_wconf 85' lang='lat' dir='ltr'>et</span> <span class='ocrx_word' id='word_1_93' title='bbox 644 725 717 763; x_wconf 85' lang='lat' dir='ltr'>filii</span> <span class='ocrx_word' id='word_1_94' title='bbox 742 726 918 763; x_wconf 87' lang='lat' dir='ltr'>maiores</span> <span class='ocrx_word' id='word_1_95' title='bbox 948 737 1020 764; x_wconf 82' lang='lat' dir='ltr'>sex</span> <span class='ocrx_word' id='word_1_96' title='bbox 1042 725 1163 763; x_wconf 85' lang='lat' dir='ltr'>annis</span> <span class='ocrx_word' id='word_1_97' title='bbox 1185 736 1290 762; x_wconf 85' lang='lat' dir='ltr'>anno</span> <span class='ocrx_word' id='word_1_98' title='bbox 1312 724 1445 775; x_wconf 79' lang='lat' dir='ltr'>lugeri</span> <span class='ocrx_word' id='word_1_99' title='bbox 1465 730 1661 775; x_wconf 80' lang='lat' dir='ltr'>possunt,</span> <span class='ocrx_word' id='word_1_100' title='bbox 1695 724 1775 762; x_wconf 91' lang='lat' dir='ltr'>mi-</span> 
     </span>
     <span class='ocr_line' id='line_1_12' title="bbox 336 780 1776 832; baseline 0 -13"><span class='ocrx_word' id='word_1_101' title='bbox 336 782 483 820; x_wconf 68' lang='lat' dir='ltr'>*nores</span> <span class='ocrx_word' id='word_1_102' title='bbox 505 794 666 820; x_wconf 75' lang='lat' dir='ltr'>mense:</span> <span class='ocrx_word' id='word_1_103' title='bbox 697 783 869 821; x_wconf 87' lang='lat' dir='ltr'>maritus</span> <span class='ocrx_word' id='word_1_104' title='bbox 890 781 1035 821; x_wconf 88' lang='lat' dir='ltr'>decem</span> <span class='ocrx_word' id='word_1_105' title='bbox 1058 780 1274 820; x_wconf 86' lang='lat' dir='ltr'>mensibus</span> <span class='ocrx_word' id='word_1_106' title='bbox 1295 787 1333 820; x_wconf 88' lang='lat' dir='ltr'>et</span> <span class='ocrx_word' id='word_1_107' title='bbox 1364 782 1523 832; x_wconf 77' lang='lat' dir='ltr'>cognati</span> <span class='ocrx_word' id='word_1_108' title='bbox 1547 781 1776 832; x_wconf 78' lang='lat' dir='ltr'>proximio-</span> 
     </span>
     <span class='ocr_line' id='line_1_13' title="bbox 364 836 1776 890; baseline 0.001 -13.981"><span class='ocrx_word' id='word_1_109' title='bbox 337 839 419 876; x_wconf 91' lang='lat' dir='ltr'>ris</span> <span class='ocrx_word' id='word_1_110' title='bbox 441 838 595 889; x_wconf 73' lang='lat' dir='ltr'>gradus</span> <span class='ocrx_word' id='word_1_111' title='bbox 618 846 720 878; x_wconf 90' lang='lat' dir='ltr'>octo.</span> <span class='ocrx_word' id='word_1_112' title='bbox 775 840 844 890; x_wconf 86' lang='lat' dir='ltr'>qui</span> <span class='ocrx_word' id='word_1_113' title='bbox 867 845 1006 878; x_wconf 83' lang='lat' dir='ltr'>contra</span> <span class='ocrx_word' id='word_1_114' title='bbox 1030 838 1187 889; x_wconf 69' lang='lat' dir='ltr'>feeerit„</span> <span class='ocrx_word' id='word_1_115' title='bbox 1215 836 1431 877; x_wconf 90' lang='lat' dir='ltr'>infamium</span> <span class='ocrx_word' id='word_1_116' title='bbox 1453 850 1625 877; x_wconf 91' lang='lat' dir='ltr'>numero</span> <span class='ocrx_word' id='word_1_117' title='bbox 1646 836 1776 877; x_wconf 87' lang='lat' dir='ltr'>habe-</span> 
     </span>
     <span class='ocr_line' id='line_1_14' title="bbox 260 895 1774 946; baseline 0.001 -14"><span class='ocrx_word' id='word_1_118' title='bbox 260 895 308 932; x_wconf 73' lang='lat'>44</span> <span class='ocrx_word' id='word_1_119' title='bbox 336 895 474 934; x_wconf 40' lang='lat' dir='ltr'>*turs</span> <span class='ocrx_word' id='word_1_120' title='bbox 534 896 613 941; x_wconf 85' lang='lat' dir='ltr'>Qui</span> <span class='ocrx_word' id='word_1_121' title='bbox 642 896 778 946; x_wconf 66' lang='lat' dir='ltr'>luget,</span> <span class='ocrx_word' id='word_1_122' title='bbox 815 896 1026 935; x_wconf 84' lang='lat' dir='ltr'>abstinere</span> <span class='ocrx_word' id='word_1_123' title='bbox 1067 895 1194 934; x_wconf 83' lang='lat' dir='ltr'>debet</span> <span class='ocrx_word' id='word_1_124' title='bbox 1225 907 1247 934; x_wconf 89' lang='lat' dir='ltr'>a</span> <span class='ocrx_word' id='word_1_125' title='bbox 1277 895 1482 934; x_wconf 89' lang='lat' dir='ltr'>conuiuiis</span> <span class='ocrx_word' id='word_1_126' title='bbox 1520 896 1774 933; x_wconf 82' lang='lat' dir='ltr'>ornamentis</span> 
     </span>
     <span class='ocr_line' id='line_1_15' title="bbox 260 951 1774 1004; baseline 0.001 -16"><span class='ocrx_word' id='word_1_127' title='bbox 260 952 308 989; x_wconf 77' lang='grc'>45</span> <span class='ocrx_word' id='word_1_128' title='bbox 337 953 575 1004; x_wconf 39' lang='lat' dir='ltr'>*purpura*</span> <span class='ocrx_word' id='word_1_129' title='bbox 598 960 636 992; x_wconf 87' lang='lat' dir='ltr'>et</span> <span class='ocrx_word' id='word_1_130' title='bbox 664 953 754 992; x_wconf 83' lang='lat' dir='ltr'>alba</span> <span class='ocrx_word' id='word_1_131' title='bbox 779 960 911 993; x_wconf 82' lang='lat' dir='ltr'>ueste.</span> <span class='ocrx_word' id='word_1_132' title='bbox 961 951 1175 1003; x_wconf 85' lang='lat' dir='ltr'>Quidquid</span> <span class='ocrx_word' id='word_1_133' title='bbox 1198 953 1239 991; x_wconf 91' lang='lat' dir='ltr'>in</span> <span class='ocrx_word' id='word_1_134' title='bbox 1268 951 1392 991; x_wconf 84' lang='lat' dir='ltr'>sunus</span> <span class='ocrx_word' id='word_1_135' title='bbox 1415 958 1629 1004; x_wconf 80' lang='lat' dir='ltr'>erogatur,</span> <span class='ocrx_word' id='word_1_136' title='bbox 1664 953 1774 990; x_wconf 86' lang='lat' dir='ltr'>inter</span> 
     </span>
     <span class='ocr_line' id='line_1_16' title="bbox 260 1008 1774 1062; baseline 0.001 -16"><span class='ocrx_word' id='word_1_137' title='bbox 260 1009 309 1046; x_wconf 89' lang='grc'>46</span> <span class='ocrx_word' id='word_1_138' title='bbox 336 1022 405 1048; x_wconf 81' lang='lat' dir='ltr'>aes</span> <span class='ocrx_word' id='word_1_139' title='bbox 437 1010 617 1049; x_wconf 87' lang='lat' dir='ltr'>alienum</span> <span class='ocrx_word' id='word_1_140' title='bbox 649 1011 783 1062; x_wconf 91' lang='lat' dir='ltr'>primo</span> <span class='ocrx_word' id='word_1_141' title='bbox 814 1011 898 1049; x_wconf 90' lang='lat' dir='ltr'>loco</span> <span class='ocrx_word' id='word_1_142' title='bbox 929 1010 1166 1049; x_wconf 80' lang='lat' dir='ltr'>deducitur.</span> <span class='ocrx_word' id='word_1_143' title='bbox 1222 1009 1425 1061; x_wconf 59' lang='lat' dir='ltr'>*Corpora</span> <span class='ocrx_word' id='word_1_144' title='bbox 1457 1008 1774 1048; x_wconf 87' lang='lat' dir='ltr'>animaduerso-</span> 
     </span>
     <span class='ocr_line' id='line_1_17' title="bbox 336 1066 1686 1119; baseline 0 -14"><span class='ocrx_word' id='word_1_145' title='bbox 336 1069 453 1106; x_wconf 54' lang='lat' dir='ltr'>*rum</span> <span class='ocrx_word' id='word_1_146' title='bbox 477 1066 735 1118; x_wconf 83' lang='lat' dir='ltr'>quibuslibet</span> <span class='ocrx_word' id='word_1_147' title='bbox 762 1068 1004 1119; x_wconf 83' lang='lat' dir='ltr'>petentibus</span> <span class='ocrx_word' id='word_1_148' title='bbox 1026 1066 1077 1106; x_wconf 89' lang='lat' dir='ltr'>ad</span> <span class='ocrx_word' id='word_1_149' title='bbox 1100 1067 1360 1118; x_wconf 83' lang='lat' dir='ltr'>sepulturam</span> <span class='ocrx_word' id='word_1_150' title='bbox 1384 1066 1521 1106; x_wconf 87' lang='lat' dir='ltr'>danda</span> <span class='ocrx_word' id='word_1_151' title='bbox 1543 1066 1686 1105; x_wconf 58' lang='lat' dir='ltr'>suntf*</span> 
     </span>
    </p>
   </div>
   <div class='ocr_carea' id='block_1_3' title="bbox 830 1238 1274 1277">
    <p class='ocr_par' dir='ltr' id='par_1_3' title="bbox 830 1238 1274 1277">
     <span class='ocr_line' id='line_1_18' title="bbox 830 1238 1274 1277; baseline 0.002 -1"><span class='ocrx_word' id='word_1_152' title='bbox 830 1239 975 1277; x_wconf 87' lang='lat' dir='ltr'>LIBER</span> <span class='ocrx_word' id='word_1_153' title='bbox 1007 1238 1274 1277; x_wconf 67' lang='lat' dir='ltr'>SECVNDVS</span> 
     </span>
    </p>
   </div>
   <div class='ocr_carea' id='block_1_4' title="bbox 580 1328 1525 1381">
    <p class='ocr_par' dir='ltr' id='par_1_4' title="bbox 580 1328 1525 1381">
     <span class='ocr_line' id='line_1_19' title="bbox 580 1328 1525 1381; baseline -0.001 -13"><span class='ocrx_word' id='word_1_154' title='bbox 580 1332 606 1381; x_wconf 54' lang='lat'>[1</span> <span class='ocrx_word' id='word_1_155' title='bbox 668 1343 713 1368; x_wconf 76' lang='lat' dir='ltr'>DE</span> <span class='ocrx_word' id='word_1_156' title='bbox 745 1342 857 1368; x_wconf 78' lang='lat' dir='ltr'>REBvs</span> <span class='ocrx_word' id='word_1_157' title='bbox 889 1341 1063 1369; x_wconf 81' lang='lat' dir='ltr'>CREDITIS</span> <span class='ocrx_word' id='word_1_158' title='bbox 1094 1343 1141 1368; x_wconf 89' lang='lat' dir='ltr'>ET</span> <span class='ocrx_word' id='word_1_159' title='bbox 1172 1342 1220 1368; x_wconf 83' lang='lat' dir='ltr'>DE</span> <span class='ocrx_word' id='word_1_160' title='bbox 1254 1328 1525 1381; x_wconf 70' lang='lat' dir='ltr'>lvnElvnANno]</span> 
     </span>
    </p>
   </div>
   <div class='ocr_carea' id='block_1_5' title="bbox 266 1408 1772 1861">
    <p class='ocr_par' dir='ltr' id='par_1_5' title="bbox 266 1408 1772 1861">
     <span class='ocr_line' id='line_1_20' title="bbox 270 1408 1771 1462; baseline 0.001 -16"><span class='ocrx_word' id='word_1_161' title='bbox 270 1411 308 1446; x_wconf 44' lang='lat'>⁴1²²</span> <span class='ocrx_word' id='word_1_162' title='bbox 449 1408 681 1448; x_wconf 56' lang='lat' dir='ltr'>*Praesidis</span> <span class='ocrx_word' id='word_1_163' title='bbox 702 1410 943 1461; x_wconf 88' lang='lat' dir='ltr'>prouinciae</span> <span class='ocrx_word' id='word_1_164' title='bbox 967 1408 1176 1459; x_wconf 80' lang='lat' dir='ltr'>officiales,</span> <span class='ocrx_word' id='word_1_165' title='bbox 1204 1409 1299 1462; x_wconf 88' lang='lat' dir='ltr'>quia</span> <span class='ocrx_word' id='word_1_166' title='bbox 1321 1409 1514 1460; x_wconf 82' lang='lat' dir='ltr'>perpetui</span> <span class='ocrx_word' id='word_1_167' title='bbox 1538 1415 1649 1459; x_wconf 85' lang='lat' dir='ltr'>sunt,</span> <span class='ocrx_word' id='word_1_168' title='bbox 1675 1420 1771 1448; x_wconf 83' lang='lat' dir='ltr'>mu-</span> 
     </span>
     <span class='ocr_line' id='line_1_21' title="bbox 266 1462 1772 1518; baseline 0.001 -14"><span class='ocrx_word' id='word_1_169' title='bbox 266 1462 309 1504; x_wconf 75' lang='lat' dir='ltr'>4b</span> <span class='ocrx_word' id='word_1_170' title='bbox 334 1468 471 1506; x_wconf 49' lang='lat' dir='ltr'>*tuam</span> <span class='ocrx_word' id='word_1_171' title='bbox 495 1467 715 1518; x_wconf 89' lang='lat' dir='ltr'>pecuniam</span> <span class='ocrx_word' id='word_1_172' title='bbox 739 1466 837 1506; x_wconf 90' lang='lat' dir='ltr'>dare</span> <span class='ocrx_word' id='word_1_173' title='bbox 861 1473 899 1505; x_wconf 91' lang='lat' dir='ltr'>et</span> <span class='ocrx_word' id='word_1_174' title='bbox 930 1465 1146 1505; x_wconf 79' lang='lat' dir='ltr'>fenebrem</span> <span class='ocrx_word' id='word_1_175' title='bbox 1178 1479 1375 1504; x_wconf 81' lang='lat' dir='ltr'>exercere</span> <span class='ocrx_word' id='word_1_176' title='bbox 1405 1472 1594 1518; x_wconf 87' lang='lat' dir='ltr'>possunt.</span> <span class='ocrx_word' id='word_1_177' title='bbox 1649 1466 1772 1505; x_wconf 87' lang='lat' dir='ltr'>Prae-</span> 
     </span>
     <span class='ocr_line' id='line_1_22' title="bbox 335 1522 1771 1575; baseline -0.001 -13"><span class='ocrx_word' id='word_1_178' title='bbox 335 1525 426 1562; x_wconf 55' lang='lat' dir='ltr'>*ses</span> <span class='ocrx_word' id='word_1_179' title='bbox 465 1524 706 1575; x_wconf 82' lang='lat' dir='ltr'>prouinciae</span> <span class='ocrx_word' id='word_1_180' title='bbox 747 1530 931 1563; x_wconf 88' lang='lat' dir='ltr'>mutuam</span> <span class='ocrx_word' id='word_1_181' title='bbox 971 1524 1193 1575; x_wconf 85' lang='lat' dir='ltr'>pecuniam</span> <span class='ocrx_word' id='word_1_182' title='bbox 1230 1522 1445 1562; x_wconf 84' lang='lat' dir='ltr'>fenebrem</span> <span class='ocrx_word' id='word_1_183' title='bbox 1486 1535 1650 1562; x_wconf 88' lang='lat' dir='ltr'>sumere</span> <span class='ocrx_word' id='word_1_184' title='bbox 1689 1535 1771 1561; x_wconf 92' lang='lat' dir='ltr'>non</span> 
     </span>
     <span class='ocr_line' id='line_1_23' title="bbox 285 1578 1772 1632; baseline 0.001 -15"><span class='ocrx_word' id='word_1_185' title='bbox 285 1581 299 1618; x_wconf 92' lang='grc'>4</span> <span class='ocrx_word' id='word_1_186' title='bbox 334 1580 651 1632; x_wconf 47' lang='lat' dir='ltr'>*prohibeturf</span> <span class='ocrx_word' id='word_1_187' title='bbox 709 1581 752 1619; x_wconf 91' lang='lat' dir='ltr'>In</span> <span class='ocrx_word' id='word_1_188' title='bbox 776 1581 1031 1632; x_wconf 83' lang='lat' dir='ltr'>pecuniariis</span> <span class='ocrx_word' id='word_1_189' title='bbox 1052 1581 1187 1620; x_wconf 88' lang='lat' dir='ltr'>causis</span> <span class='ocrx_word' id='word_1_190' title='bbox 1213 1581 1244 1619; x_wconf 90' lang='lat' dir='ltr'>si</span> <span class='ocrx_word' id='word_1_191' title='bbox 1278 1580 1383 1619; x_wconf 80' lang='lat' dir='ltr'>alter</span> <span class='ocrx_word' id='word_1_192' title='bbox 1413 1593 1464 1619; x_wconf 76' lang='lat' dir='ltr'>ex</span> <span class='ocrx_word' id='word_1_193' title='bbox 1493 1578 1772 1631; x_wconf 81' lang='lat' dir='ltr'>litigatoribus</span> 
     </span>
     <span class='ocr_line' id='line_1_24' title="bbox 335 1636 1772 1688; baseline -0.001 -12"><span class='ocrx_word' id='word_1_194' title='bbox 335 1637 624 1677; x_wconf 83' lang='lat' dir='ltr'>iusiurandum</span> <span class='ocrx_word' id='word_1_195' title='bbox 648 1637 833 1688; x_wconf 84' lang='lat' dir='ltr'>deferat,</span> <span class='ocrx_word' id='word_1_196' title='bbox 859 1637 1096 1677; x_wconf 86' lang='lat' dir='ltr'>audiendus</span> <span class='ocrx_word' id='word_1_197' title='bbox 1117 1644 1199 1677; x_wconf 85' lang='lat' dir='ltr'>est:</span> <span class='ocrx_word' id='word_1_198' title='bbox 1234 1638 1308 1676; x_wconf 84' lang='lat' dir='ltr'>hoe</span> <span class='ocrx_word' id='word_1_199' title='bbox 1331 1638 1442 1676; x_wconf 90' lang='lat' dir='ltr'>enim</span> <span class='ocrx_word' id='word_1_200' title='bbox 1465 1644 1505 1676; x_wconf 87' lang='lat' dir='ltr'>et</span> <span class='ocrx_word' id='word_1_201' title='bbox 1526 1636 1772 1688; x_wconf 86' lang='lat' dir='ltr'>compendio</span> 
     </span>
     <span class='ocr_line' id='line_1_25' title="bbox 283 1694 1771 1746; baseline -0.001 -12"><span class='ocrx_word' id='word_1_202' title='bbox 283 1696 306 1734; x_wconf 74' lang='lat'>⁶2</span> <span class='ocrx_word' id='word_1_203' title='bbox 333 1695 469 1734; x_wconf 90' lang='lat' dir='ltr'>litium</span> <span class='ocrx_word' id='word_1_204' title='bbox 492 1702 531 1733; x_wconf 89' lang='lat' dir='ltr'>et</span> <span class='ocrx_word' id='word_1_205' title='bbox 553 1695 777 1746; x_wconf 84' lang='lat' dir='ltr'>aequitatis</span> <span class='ocrx_word' id='word_1_206' title='bbox 808 1696 965 1734; x_wconf 86' lang='lat' dir='ltr'>ratione</span> <span class='ocrx_word' id='word_1_207' title='bbox 987 1695 1202 1746; x_wconf 87' lang='lat' dir='ltr'>prouisum</span> <span class='ocrx_word' id='word_1_208' title='bbox 1225 1701 1301 1733; x_wconf 90' lang='lat' dir='ltr'>est.</span> <span class='ocrx_word' id='word_1_209' title='bbox 1354 1694 1526 1733; x_wconf 85' lang='lat' dir='ltr'>Deferre</span> <span class='ocrx_word' id='word_1_210' title='bbox 1557 1695 1771 1733; x_wconf 82' lang='lat' dir='ltr'>iusiuran-</span> 
     </span>
     <span class='ocr_line' id='line_1_26' title="bbox 333 1751 1770 1803; baseline -0.001 -12"><span class='ocrx_word' id='word_1_211' title='bbox 333 1751 434 1791; x_wconf 88' lang='lat' dir='ltr'>dum</span> <span class='ocrx_word' id='word_1_212' title='bbox 456 1752 571 1803; x_wconf 91' lang='lat' dir='ltr'>prior</span> <span class='ocrx_word' id='word_1_213' title='bbox 587 1758 699 1790; x_wconf 83' lang='lat' dir='ltr'>actor</span> <span class='ocrx_word' id='word_1_214' title='bbox 720 1758 876 1803; x_wconf 84' lang='lat' dir='ltr'>potest:</span> <span class='ocrx_word' id='word_1_215' title='bbox 903 1752 1152 1790; x_wconf 82' lang='lat' dir='ltr'>contrarium</span> <span class='ocrx_word' id='word_1_216' title='bbox 1175 1758 1315 1791; x_wconf 85' lang='lat' dir='ltr'>autem</span> <span class='ocrx_word' id='word_1_217' title='bbox 1336 1751 1388 1790; x_wconf 89' lang='lat' dir='ltr'>de</span> <span class='ocrx_word' id='word_1_218' title='bbox 1411 1751 1614 1790; x_wconf 86' lang='lat' dir='ltr'>calumnia</span> <span class='ocrx_word' id='word_1_219' title='bbox 1636 1751 1770 1790; x_wconf 91' lang='lat' dir='ltr'>iusiu-</span> 
     </span>
     <span class='ocr_line' id='line_1_27' title="bbox 282 1808 1768 1861; baseline -0.001 -14"><span class='ocrx_word' id='word_1_220' title='bbox 282 1809 304 1847; x_wconf 92' lang='lat'><strong>3</strong></span> <span class='ocrx_word' id='word_1_221' title='bbox 335 1808 510 1847; x_wconf 82' lang='lat' dir='ltr'>randum</span> <span class='ocrx_word' id='word_1_222' title='bbox 543 1821 612 1847; x_wconf 86' lang='lat' dir='ltr'>reo</span> <span class='ocrx_word' id='word_1_223' title='bbox 643 1809 856 1861; x_wconf 85' lang='lat' dir='ltr'>competit.</span> <span class='ocrx_word' id='word_1_224' title='bbox 911 1809 976 1859; x_wconf 75' lang='lat' dir='ltr'>Si,</span> <span class='ocrx_word' id='word_1_225' title='bbox 1014 1821 1110 1848; x_wconf 91' lang='lat' dir='ltr'>reus</span> <span class='ocrx_word' id='word_1_226' title='bbox 1139 1821 1233 1848; x_wconf 85' lang='lat' dir='ltr'>cum</span> <span class='ocrx_word' id='word_1_227' title='bbox 1255 1809 1393 1848; x_wconf 88' lang='lat' dir='ltr'>iurare</span> <span class='ocrx_word' id='word_1_228' title='bbox 1414 1808 1539 1858; x_wconf 85' lang='lat' dir='ltr'>uelit,</span> <span class='ocrx_word' id='word_1_229' title='bbox 1572 1814 1685 1847; x_wconf 81' lang='lat' dir='ltr'>actor</span> <span class='ocrx_word' id='word_1_230' title='bbox 1706 1808 1768 1846; x_wconf 92' lang='lat' dir='ltr'>illi</span> 
     </span>
    </p>
   </div>
   <div class='ocr_carea' id='block_1_6' title="bbox 334 1965 1770 2054">
    <p class='ocr_par' dir='ltr' id='par_1_6' title="bbox 334 1965 1770 2054">
     <span class='ocr_line' id='line_1_28' title="bbox 425 1965 1770 2009; baseline 0 -12"><span class='ocrx_word' id='word_1_231' title='bbox 425 1970 479 2006; x_wconf 73' lang='grc'>24,</span> <span class='ocrx_word' id='word_1_232' title='bbox 502 1971 512 1998; x_wconf 84' lang='grc'>4</span> <span class='ocrx_word' id='word_1_233' title='bbox 526 1970 632 1998; x_wconf 82' lang='grc'>4-43</span> <span class='ocrx_word' id='word_1_234' title='bbox 660 1977 704 1999; x_wconf 64' lang='lat' dir='ltr'>ex</span> <span class='ocrx_word' id='word_1_235' title='bbox 728 1969 903 2000; x_wconf 76' lang='lat' dir='ltr'>Vesontino</span> <span class='ocrx_word' id='word_1_236' title='bbox 928 1969 1103 2007; x_wconf 79' lang='lat' dir='ltr'>suppletae</span> <span class='ocrx_word' id='word_1_237' title='bbox 1127 1971 1207 1999; x_wconf 73' lang='lat' dir='ltr'>sunt</span> <span class='ocrx_word' id='word_1_238' title='bbox 1238 1967 1380 2003; x_wconf 68' lang='lat' dir='ltr'>{Cuiacii</span> <span class='ocrx_word' id='word_1_239' title='bbox 1408 1968 1548 2000; x_wconf 84' lang='lat' dir='ltr'>Obseru.</span> <span class='ocrx_word' id='word_1_240' title='bbox 1577 1969 1632 2005; x_wconf 71' lang='lat'>2⁴,</span> <span class='ocrx_word' id='word_1_241' title='bbox 1655 1968 1706 2007; x_wconf 84' lang='grc'>43)</span> <span class='ocrx_word' id='word_1_242' title='bbox 1757 1965 1770 2009; x_wconf 86' lang='grc' dir='ltr'>ΙΙ</span> 
     </span>
     <span class='ocr_line' id='line_1_29' title="bbox 334 2012 1417 2054; baseline -0.001 -10"><span class='ocrx_word' id='word_1_243' title='bbox 334 2016 387 2052; x_wconf 73' lang='lat'>24,</span> <span class='ocrx_word' id='word_1_244' title='bbox 411 2015 450 2044; x_wconf 81' lang='grc'>46</span> <span class='ocrx_word' id='word_1_245' title='bbox 470 2027 510 2040; x_wconf 89' lang='lat'>=</span> <span class='ocrx_word' id='word_1_246' title='bbox 532 2014 608 2054; x_wconf 65' lang='grc' dir='ltr'>ωρ.</span> <span class='ocrx_word' id='word_1_247' title='bbox 630 2016 685 2052; x_wconf 76' lang='lat'>48,</span> <span class='ocrx_word' id='word_1_248' title='bbox 706 2016 761 2052; x_wconf 73' lang='lat'>24,</span> <span class='ocrx_word' id='word_1_249' title='bbox 782 2017 797 2044; x_wconf 87' lang='lat'><strong>3</strong></span> <span class='ocrx_word' id='word_1_250' title='bbox 849 2014 862 2054; x_wconf 81' lang='grc' dir='ltr'>ιι</span> <span class='ocrx_word' id='word_1_251' title='bbox 912 2012 1128 2053; x_wconf 29' lang='lat' dir='ltr'>ffi‚1ia.4b=</span> <span class='ocrx_word' id='word_1_252' title='bbox 1149 2014 1226 2054; x_wconf 60' lang='grc' dir='ltr'>Περ.</span> <span class='ocrx_word' id='word_1_253' title='bbox 1250 2016 1303 2051; x_wconf 74' lang='lat'>42,</span> <span class='ocrx_word' id='word_1_254' title='bbox 1327 2017 1357 2051; x_wconf 77' lang='lat'>4,</span> <span class='ocrx_word' id='word_1_255' title='bbox 1377 2014 1417 2044; x_wconf 67' lang='lat'>34</span> 
     </span>
    </p>
   </div>
   <div class='ocr_carea' id='block_1_7' title="bbox 331 2102 552 2110">
    <p class='ocr_par' dir='ltr' id='par_1_7' title="bbox 331 2102 552 2110">
     <span class='ocr_line' id='line_1_30' title="bbox 331 2102 552 2110; baseline -0.005 0"><span class='ocrx_word' id='word_1_256' title='bbox 331 2102 397 2110; x_wconf 32' lang='lat' dir='ltr'>lxx«</span> <span class='ocrx_word' id='word_1_257' title='bbox 426 2102 507 2109; x_wconf 52' lang='grc' dir='ltr'>»ιννχ-</span> <span class='ocrx_word' id='word_1_258' title='bbox 548 2103 552 2105; x_wconf 71' lang='lat'><strong><em>—</em></strong></span> 
     </span>
    </p>
   </div>
   <div class='ocr_carea' id='block_1_8' title="bbox 330 2158 1770 2658">
    <p class='ocr_par' dir='ltr' id='par_1_8' title="bbox 330 2158 1770 2658">
     <span class='ocr_line' id='line_1_31' title="bbox 425 2158 1770 2203; baseline 0.001 -12"><span class='ocrx_word' id='word_1_259' title='bbox 425 2164 441 2192; x_wconf 90' lang='lat'><strong>3</strong></span> <span class='ocrx_word' id='word_1_260' title='bbox 469 2160 484 2202; x_wconf 83' lang='lat'><strong>§</strong></span> <span class='ocrx_word' id='word_1_261' title='bbox 506 2164 544 2191; x_wconf 87' lang='grc'>40</span> <span class='ocrx_word' id='word_1_262' title='bbox 572 2162 720 2193; x_wconf 82' lang='lat' dir='ltr'>hocloco</span> <span class='ocrx_word' id='word_1_263' title='bbox 737 2162 876 2193; x_wconf 81' lang='lat' dir='ltr'>collocat</span> <span class='ocrx_word' id='word_1_264' title='bbox 899 2163 1118 2199; x_wconf 76' lang='lat' dir='ltr'>I&#39;esontc&#39;nus,</span> <span class='ocrx_word' id='word_1_265' title='bbox 1145 2165 1220 2201; x_wconf 81' lang='lat' dir='ltr'>post</span> <span class='ocrx_word' id='word_1_266' title='bbox 1243 2160 1258 2202; x_wconf 84' lang='lat'><strong>§</strong></span> <span class='ocrx_word' id='word_1_267' title='bbox 1284 2164 1323 2192; x_wconf 76' lang='grc'>45</span> <span class='ocrx_word' id='word_1_268' title='bbox 1351 2162 1516 2193; x_wconf 78' lang='lat' dir='ltr'>collocant</span> <span class='ocrx_word' id='word_1_269' title='bbox 1540 2161 1720 2201; x_wconf 63' lang='lat' dir='ltr'>Wisigothi</span> <span class='ocrx_word' id='word_1_270' title='bbox 1757 2158 1770 2203; x_wconf 89' lang='grc' dir='ltr'>ΙΙ</span> 
     </span>
     <span class='ocr_line' id='line_1_32' title="bbox 335 2206 1768 2247; baseline -0.001 -9"><span class='ocrx_word' id='word_1_271' title='bbox 335 2209 348 2237; x_wconf 69' lang='lat' dir='ltr'>l·</span> <span class='ocrx_word' id='word_1_272' title='bbox 377 2207 421 2238; x_wconf 84' lang='lat' dir='ltr'>ab</span> <span class='ocrx_word' id='word_1_273' title='bbox 442 2208 488 2245; x_wconf 84' lang='lat' dir='ltr'>M,</span> <span class='ocrx_word' id='word_1_274' title='bbox 510 2206 580 2238; x_wconf 86' lang='lat' dir='ltr'>hab</span> <span class='ocrx_word' id='word_1_275' title='bbox 597 2216 638 2238; x_wconf 85' lang='lat' dir='ltr'>eo</span> <span class='ocrx_word' id='word_1_276' title='bbox 658 2207 682 2238; x_wconf 91' lang='lat' dir='ltr'><em>L</em></span> <span class='ocrx_word' id='word_1_277' title='bbox 727 2207 740 2246; x_wconf 78' lang='grc' dir='ltr'>Η</span> <span class='ocrx_word' id='word_1_278' title='bbox 788 2210 826 2237; x_wconf 80' lang='grc'>40</span> <span class='ocrx_word' id='word_1_279' title='bbox 854 2207 925 2247; x_wconf 81' lang='lat' dir='ltr'>sex]</span> <span class='ocrx_word' id='word_1_280' title='bbox 947 2208 1072 2239; x_wconf 80' lang='lat' dir='ltr'>decem</span> <span class='ocrx_word' id='word_1_281' title='bbox 1091 2207 1258 2245; x_wconf 82' lang='lat' dir='ltr'>Huschke,</span> <span class='ocrx_word' id='word_1_282' title='bbox 1277 2207 1320 2247; x_wconf 83' lang='lat' dir='ltr'>cf.</span> <span class='ocrx_word' id='word_1_283' title='bbox 1346 2208 1417 2238; x_wconf 74' lang='lat' dir='ltr'>l&#39;at.</span> <span class='ocrx_word' id='word_1_284' title='bbox 1440 2209 1498 2238; x_wconf 75' lang='lat'>324</span> <span class='ocrx_word' id='word_1_285' title='bbox 1547 2207 1562 2247; x_wconf 81' lang='grc' dir='ltr'>ΙΙ</span> <span class='ocrx_word' id='word_1_286' title='bbox 1609 2207 1768 2238; x_wconf 81' lang='lat' dir='ltr'>minores</span> 
     </span>
     <span class='ocr_line' id='line_1_33' title="bbox 333 2251 1767 2293; baseline 0 -10"><span class='ocrx_word' id='word_1_287' title='bbox 333 2252 466 2293; x_wconf 84' lang='lat' dir='ltr'>mense]</span> <span class='ocrx_word' id='word_1_288' title='bbox 488 2253 570 2284; x_wconf 83' lang='lat' dir='ltr'>haec</span> <span class='ocrx_word' id='word_1_289' title='bbox 588 2256 750 2291; x_wconf 81' lang='lat' dir='ltr'>corrupta</span> <span class='ocrx_word' id='word_1_290' title='bbox 767 2261 839 2284; x_wconf 81' lang='lat' dir='ltr'>esse</span> <span class='ocrx_word' id='word_1_291' title='bbox 855 2254 972 2285; x_wconf 81' lang='lat' dir='ltr'>docent</span> <span class='ocrx_word' id='word_1_292' title='bbox 996 2254 1066 2285; x_wconf 74' lang='lat' dir='ltr'>I&#39;at.</span> <span class='ocrx_word' id='word_1_293' title='bbox 1088 2256 1146 2284; x_wconf 74' lang='lat'>32⁴</span> <span class='ocrx_word' id='word_1_294' title='bbox 1166 2266 1172 2285; x_wconf 91' lang='lat'>:</span> <span class='ocrx_word' id='word_1_295' title='bbox 1199 2261 1282 2284; x_wconf 88' lang='lat' dir='ltr'>cum</span> <span class='ocrx_word' id='word_1_296' title='bbox 1301 2253 1458 2284; x_wconf 85' lang='lat' dir='ltr'>minores</span> <span class='ocrx_word' id='word_1_297' title='bbox 1475 2251 1578 2284; x_wconf 88' lang='lat' dir='ltr'>liberi</span> <span class='ocrx_word' id='word_1_298' title='bbox 1597 2253 1649 2283; x_wconf 88' lang='lat' dir='ltr'>tot</span> <span class='ocrx_word' id='word_1_299' title='bbox 1664 2260 1767 2283; x_wconf 87' lang='lat' dir='ltr'>men-</span> 
     </span>
     <span class='ocr_line' id='line_1_34' title="bbox 333 2298 1768 2339; baseline -0.001 -9"><span class='ocrx_word' id='word_1_300' title='bbox 333 2298 434 2330; x_wconf 82' lang='lat' dir='ltr'>sibus</span> <span class='ocrx_word' id='word_1_301' title='bbox 451 2298 651 2339; x_wconf 68' lang='lat' dir='ltr'>efflgentur,</span> <span class='ocrx_word' id='word_1_302' title='bbox 671 2300 756 2338; x_wconf 87' lang='lat' dir='ltr'>quot</span> <span class='ocrx_word' id='word_1_303' title='bbox 775 2307 950 2330; x_wconf 87' lang='lat' dir='ltr'>annorum</span> <span class='ocrx_word' id='word_1_304' title='bbox 970 2299 1204 2337; x_wconf 81' lang='lat' dir='ltr'>decesserint,</span> <span class='ocrx_word' id='word_1_305' title='bbox 1224 2307 1338 2339; x_wconf 88' lang='lat' dir='ltr'>usque</span> <span class='ocrx_word' id='word_1_306' title='bbox 1356 2298 1400 2329; x_wconf 87' lang='lat' dir='ltr'>ad</span> <span class='ocrx_word' id='word_1_307' title='bbox 1418 2299 1618 2330; x_wconf 79' lang='lat' dir='ltr'>trimatum:</span> <span class='ocrx_word' id='word_1_308' title='bbox 1648 2298 1768 2329; x_wconf 89' lang='lat' dir='ltr'>minor</span> 
     </span>
     <span class='ocr_line' id='line_1_35' title="bbox 332 2343 1766 2385; baseline -0.001 -9"><span class='ocrx_word' id='word_1_309' title='bbox 332 2345 438 2376; x_wconf 90' lang='lat' dir='ltr'>trimo</span> <span class='ocrx_word' id='word_1_310' title='bbox 464 2352 535 2376; x_wconf 91' lang='lat' dir='ltr'>non</span> <span class='ocrx_word' id='word_1_311' title='bbox 561 2344 713 2384; x_wconf 82' lang='lat' dir='ltr'>lugetur,</span> <span class='ocrx_word' id='word_1_312' title='bbox 741 2343 802 2375; x_wconf 85' lang='lat' dir='ltr'>sed</span> <span class='ocrx_word' id='word_1_313' title='bbox 829 2344 1058 2385; x_wconf 76' lang='lat' dir='ltr'>sublugetur:</span> <span class='ocrx_word' id='word_1_314' title='bbox 1089 2345 1207 2376; x_wconf 90' lang='lat' dir='ltr'>minor</span> <span class='ocrx_word' id='word_1_315' title='bbox 1230 2353 1323 2375; x_wconf 90' lang='lat' dir='ltr'>anno</span> <span class='ocrx_word' id='word_1_316' title='bbox 1349 2352 1464 2384; x_wconf 87' lang='lat' dir='ltr'>neque</span> <span class='ocrx_word' id='word_1_317' title='bbox 1489 2343 1630 2384; x_wconf 84' lang='lat' dir='ltr'>lugetur</span> <span class='ocrx_word' id='word_1_318' title='bbox 1651 2351 1766 2384; x_wconf 85' lang='lat' dir='ltr'>neque</span> 
     </span>
     <span class='ocr_line' id='line_1_36' title="bbox 333 2389 1768 2431; baseline -0.001 -10"><span class='ocrx_word' id='word_1_319' title='bbox 333 2390 543 2431; x_wconf 73' lang='lat' dir='ltr'>sublugetur</span> <span class='ocrx_word' id='word_1_320' title='bbox 581 2389 595 2429; x_wconf 81' lang='grc' dir='ltr'>Η</span> <span class='ocrx_word' id='word_1_321' title='bbox 637 2391 676 2419; x_wconf 88' lang='grc'>43</span> <span class='ocrx_word' id='word_1_322' title='bbox 703 2391 737 2420; x_wconf 89' lang='lat' dir='ltr'>et</span> <span class='ocrx_word' id='word_1_323' title='bbox 755 2398 773 2421; x_wconf 90' lang='lat' dir='ltr'>a</span> <span class='ocrx_word' id='word_1_324' title='bbox 791 2390 970 2421; x_wconf 79' lang='lat' dir='ltr'>conuiuiis</span> <span class='ocrx_word' id='word_1_325' title='bbox 987 2392 1018 2421; x_wconf 79' lang='lat' dir='ltr'>ct</span> <span class='ocrx_word' id='word_1_326' title='bbox 1037 2391 1256 2421; x_wconf 85' lang='lat' dir='ltr'>ornamentis</span> <span class='ocrx_word' id='word_1_327' title='bbox 1273 2390 1298 2421; x_wconf 95' lang='lat' dir='ltr'><em>L</em></span> <span class='ocrx_word' id='word_1_328' title='bbox 1339 2389 1352 2428; x_wconf 88' lang='grc' dir='ltr'>ΙΙ</span> <span class='ocrx_word' id='word_1_329' title='bbox 1395 2391 1431 2419; x_wconf 65' lang='grc'>44</span> <span class='ocrx_word' id='word_1_330' title='bbox 1459 2397 1617 2430; x_wconf 87' lang='lat' dir='ltr'>purpura</span> <span class='ocrx_word' id='word_1_331' title='bbox 1642 2389 1768 2420; x_wconf 74' lang='lat' dir='ltr'>Veson-</span> 
     </span>
     <span class='ocr_line' id='line_1_37' title="bbox 332 2433 1765 2475; baseline -0.001 -8"><span class='ocrx_word' id='word_1_332' title='bbox 332 2438 435 2471; x_wconf 81' lang='lat' dir='ltr'>tinus,</span> <span class='ocrx_word' id='word_1_333' title='bbox 457 2444 520 2467; x_wconf 86' lang='lat' dir='ltr'>om.</span> <span class='ocrx_word' id='word_1_334' title='bbox 550 2435 728 2475; x_wconf 63' lang='lat' dir='ltr'>Wisigothi</span> <span class='ocrx_word' id='word_1_335' title='bbox 757 2433 771 2474; x_wconf 87' lang='grc' dir='ltr'>ΙΙ</span> <span class='ocrx_word' id='word_1_336' title='bbox 804 2436 843 2465; x_wconf 67' lang='lat'>24</span> <span class='ocrx_word' id='word_1_337' title='bbox 868 2436 1091 2475; x_wconf 73' lang='lat' dir='ltr'>parayrapho</span> <span class='ocrx_word' id='word_1_338' title='bbox 1110 2438 1121 2466; x_wconf 84' lang='grc'>4</span> <span class='ocrx_word' id='word_1_339' title='bbox 1145 2437 1179 2466; x_wconf 78' lang='lat' dir='ltr'>in</span> <span class='ocrx_word' id='word_1_340' title='bbox 1199 2436 1386 2467; x_wconf 79' lang='lat' dir='ltr'>Basileensi</span> <span class='ocrx_word' id='word_1_341' title='bbox 1406 2434 1430 2466; x_wconf 91' lang='lat' dir='ltr'><strong><em>C</em></strong></span> <span class='ocrx_word' id='word_1_342' title='bbox 1448 2435 1500 2465; x_wconf 92' lang='lat' dir='ltr'>III</span> <span class='ocrx_word' id='word_1_343' title='bbox 1514 2437 1525 2464; x_wconf 92' lang='grc'>4</span> <span class='ocrx_word' id='word_1_344' title='bbox 1550 2434 1765 2475; x_wconf 67' lang='lat' dir='ltr'>subiungun—</span> 
     </span>
     <span class='ocr_line' id='line_1_38' title="bbox 332 2479 1763 2513; baseline -0.001 0"><span class='ocrx_word' id='word_1_345' title='bbox 332 2485 389 2513; x_wconf 80' lang='lat' dir='ltr'>tur</span> <span class='ocrx_word' id='word_1_346' title='bbox 405 2483 441 2512; x_wconf 75' lang='lat' dir='ltr'>in</span> <span class='ocrx_word' id='word_1_347' title='bbox 458 2481 594 2513; x_wconf 83' lang='lat' dir='ltr'>modum</span> <span class='ocrx_word' id='word_1_348' title='bbox 610 2481 768 2512; x_wconf 82' lang='lat' dir='ltr'>rubricae</span> <span class='ocrx_word' id='word_1_349' title='bbox 784 2481 866 2511; x_wconf 80' lang='lat' dir='ltr'>haec</span> <span class='ocrx_word' id='word_1_350' title='bbox 891 2481 934 2512; x_wconf 83' lang='lat' dir='ltr'>de</span> <span class='ocrx_word' id='word_1_351' title='bbox 960 2480 1081 2512; x_wconf 83' lang='lat' dir='ltr'>dubiis</span> <span class='ocrx_word' id='word_1_352' title='bbox 1107 2481 1215 2513; x_wconf 86' lang='lat' dir='ltr'>rebus</span> <span class='ocrx_word' id='word_1_353' title='bbox 1239 2480 1354 2512; x_wconf 89' lang='lat' dir='ltr'>solum</span> <span class='ocrx_word' id='word_1_354' title='bbox 1380 2481 1498 2511; x_wconf 86' lang='lat' dir='ltr'>iurare</span> <span class='ocrx_word' id='word_1_355' title='bbox 1522 2479 1654 2511; x_wconf 88' lang='lat' dir='ltr'>debere</span> <span class='ocrx_word' id='word_1_356' title='bbox 1680 2482 1711 2511; x_wconf 88' lang='lat' dir='ltr'>et</span> <span class='ocrx_word' id='word_1_357' title='bbox 1730 2481 1763 2511; x_wconf 76' lang='lat' dir='ltr'>in</span> 
     </span>
     <span class='ocr_line' id='line_1_39' title="bbox 330 2525 1764 2567; baseline -0.001 -10"><span class='ocrx_word' id='word_1_358' title='bbox 330 2527 468 2558; x_wconf 81' lang='lat' dir='ltr'>modwm</span> <span class='ocrx_word' id='word_1_359' title='bbox 483 2527 670 2558; x_wconf 77' lang='lat' dir='ltr'>sententiae</span> <span class='ocrx_word' id='word_1_360' title='bbox 685 2527 766 2557; x_wconf 82' lang='lat' dir='ltr'>haec</span> <span class='ocrx_word' id='word_1_361' title='bbox 783 2527 842 2567; x_wconf 90' lang='lat' dir='ltr'>qui</span> <span class='ocrx_word' id='word_1_362' title='bbox 859 2528 1049 2567; x_wconf 78' lang='lat' dir='ltr'>suspectus</span> <span class='ocrx_word' id='word_1_363' title='bbox 1066 2526 1210 2565; x_wconf 87' lang='lat' dir='ltr'>dicitur,</span> <span class='ocrx_word' id='word_1_364' title='bbox 1238 2535 1320 2558; x_wconf 88' lang='lat' dir='ltr'>cum</span> <span class='ocrx_word' id='word_1_365' title='bbox 1346 2525 1443 2557; x_wconf 86' lang='lat' dir='ltr'>nulla</span> <span class='ocrx_word' id='word_1_366' title='bbox 1469 2526 1600 2557; x_wconf 89' lang='lat' dir='ltr'>ueritas</span> <span class='ocrx_word' id='word_1_367' title='bbox 1623 2526 1764 2566; x_wconf 84' lang='lat' dir='ltr'>petitori</span> 
     </span>
     <span class='ocr_line' id='line_1_40' title="bbox 333 2571 1765 2613; baseline -0.001 -11"><span class='ocrx_word' id='word_1_368' title='bbox 333 2573 366 2602; x_wconf 88' lang='lat' dir='ltr'>in</span> <span class='ocrx_word' id='word_1_369' title='bbox 384 2581 426 2604; x_wconf 90' lang='lat' dir='ltr'>eo</span> <span class='ocrx_word' id='word_1_370' title='bbox 444 2572 668 2613; x_wconf 80' lang='lat' dir='ltr'>exprimitur,</span> <span class='ocrx_word' id='word_1_371' title='bbox 688 2572 748 2612; x_wconf 91' lang='lat' dir='ltr'>qui</span> <span class='ocrx_word' id='word_1_372' title='bbox 766 2571 982 2603; x_wconf 85' lang='lat' dir='ltr'>calumniam</span> <span class='ocrx_word' id='word_1_373' title='bbox 1001 2581 1037 2603; x_wconf 81' lang='lat' dir='ltr'>se</span> <span class='ocrx_word' id='word_1_374' title='bbox 1054 2573 1124 2612; x_wconf 83' lang='lat' dir='ltr'>pati</span> <span class='ocrx_word' id='word_1_375' title='bbox 1143 2572 1249 2603; x_wconf 87' lang='lat' dir='ltr'>dicit:</span> <span class='ocrx_word' id='word_1_376' title='bbox 1269 2579 1355 2610; x_wconf 83' lang='lat' dir='ltr'>quae</span> <span class='ocrx_word' id='word_1_377' title='bbox 1371 2580 1416 2602; x_wconf 66' lang='lat' dir='ltr'>ex</span> <span class='ocrx_word' id='word_1_378' title='bbox 1427 2571 1765 2610; x_wconf 77' lang='lat' dir='ltr'>interpretationibus</span> 
     </span>
     <span class='ocr_line' id='line_1_41' title="bbox 331 2616 1541 2658; baseline -0.001 -10"><span class='ocrx_word' id='word_1_379' title='bbox 331 2616 366 2658; x_wconf 84' lang='lat'>§§</span> <span class='ocrx_word' id='word_1_380' title='bbox 385 2620 416 2649; x_wconf 93' lang='grc'>4.</span> <span class='ocrx_word' id='word_1_381' title='bbox 437 2620 455 2649; x_wconf 76' lang='lat'>2</span> <span class='ocrx_word' id='word_1_382' title='bbox 475 2621 639 2656; x_wconf 82' lang='lat' dir='ltr'>corrupta</span> <span class='ocrx_word' id='word_1_383' title='bbox 656 2626 727 2649; x_wconf 85' lang='lat' dir='ltr'>esse</span> <span class='ocrx_word' id='word_1_384' title='bbox 741 2617 855 2656; x_wconf 79' lang='lat' dir='ltr'>palam</span> <span class='ocrx_word' id='word_1_385' title='bbox 875 2621 923 2648; x_wconf 77' lang='lat' dir='ltr'>est</span> <span class='ocrx_word' id='word_1_386' title='bbox 954 2617 967 2657; x_wconf 80' lang='grc' dir='ltr'><strong>Η</strong></span> <span class='ocrx_word' id='word_1_387' title='bbox 1000 2620 1040 2648; x_wconf 76' lang='lat'>‘26</span> <span class='ocrx_word' id='word_1_388' title='bbox 1069 2618 1239 2658; x_wconf 82' lang='lat' dir='ltr'>competit</span> <span class='ocrx_word' id='word_1_389' title='bbox 1255 2617 1302 2655; x_wconf 84' lang='lat' dir='ltr'>M,</span> <span class='ocrx_word' id='word_1_390' title='bbox 1321 2618 1497 2657; x_wconf 80' lang='lat' dir='ltr'>competet</span> <span class='ocrx_word' id='word_1_391' title='bbox 1518 2617 1541 2647; x_wconf 89' lang='lat' dir='ltr'><em>L</em></span> 
     </span>
    </p>
   </div>
   <div class='ocr_carea' id='block_1_9' title="bbox 1804 732 1841 759">
    <p class='ocr_par' dir='ltr' id='par_1_9' title="bbox 1804 732 1841 759">
     <span class='ocr_line' id='line_1_42' title="bbox 1804 732 1841 759; baseline 0 0"><span class='ocrx_word' id='word_1_392' title='bbox 1804 732 1841 759; x_wconf 81' lang='grc'>40</span> 
     </span>
    </p>
   </div>
   <div class='ocr_carea' id='block_1_10' title="bbox 1801 1017 1839 1045">
    <p class='ocr_par' dir='ltr' id='par_1_10' title="bbox 1801 1017 1839 1045">
     <span class='ocr_line' id='line_1_43' title="bbox 1801 1017 1839 1045; baseline 0.026 -1"><span class='ocrx_word' id='word_1_393' title='bbox 1801 1017 1839 1045; x_wconf 88' lang='grc'>45</span> 
     </span>
    </p>
   </div>
   <div class='ocr_carea' id='block_1_11' title="bbox 1796 1473 1838 1502">
    <p class='ocr_par' dir='ltr' id='par_1_11' title="bbox 1796 1473 1838 1502">
     <span class='ocr_line' id='line_1_44' title="bbox 1796 1473 1838 1502; baseline -0.071 0"><span class='ocrx_word' id='word_1_394' title='bbox 1796 1473 1838 1502; x_wconf 80' lang='lat'>20</span> 
     </span>
    </p>
   </div>
   <div class='ocr_carea' id='block_1_12' title="bbox 1794 1758 1836 1787">
    <p class='ocr_par' dir='ltr' id='par_1_12' title="bbox 1794 1758 1836 1787">
     <span class='ocr_line' id='line_1_45' title="bbox 1794 1758 1836 1787; baseline 0 0"><span class='ocrx_word' id='word_1_395' title='bbox 1794 1758 1836 1787; x_wconf 80' lang='lat'>25</span> 
     </span>
    </p>
   </div>
   <div class='ocr_carea' id='block_1_13' title="bbox 1923 2000 1942 3081">
    <p class='ocr_par' dir='ltr' id='par_1_13' title="bbox 1923 2000 1942 3081">
     <span class='ocr_line' id='line_1_46' title="bbox 1923 2000 1942 3081; baseline 0 0"><span class='ocrx_word' id='word_1_396' title='bbox 1923 2000 1942 3081; x_wconf 95' lang='lat' dir='ltr'> </span> 
     </span>
    </p>
   </div>
  </div>
 </body>
</html>
