1942 3081
312 143 409 175 Paul.
432 144 619 182 111,7—4o
834 168 946 174 —-
1005 145 1058 185 94
1118 167 1232 174 -..-.

310 269 421 307 natio
444 270 588 308 mortis
611 282 733 309 causa
764 276 951 310 cessante
984 269 1224 310 ualetudine
1259 277 1299 310 et
1325 276 1530 322 sequente
1557 272 1747 321 sanitate,

310 327 568 378 paenitentia
606 327 728 367 etiam
763 333 1002 367 reuocatur:
1042 335 1171 367 morte
1204 329 1316 367 enim
1338 327 1622 367 tautummodo
1653 341 1753 368 con-

310 383 500 423 ualescit.

733 508 813 561 [vm
873 523 922 549 ΑΙ)
954 522 1078 549 LEGEM
1109 509 1328 562 nmmum]

261 587 276 624 4
425 589 634 628 Exhausta
656 589 801 641 legatis
822 596 894 628 aut
922 589 1254 629 fideicommissis
1275 589 1344 629 uel
1365 590 1510 628 mortis
1532 601 1655 629 causa
1676 588 1751 629 do-
1778 597 1796 626 ὅ

311 645 551 685 nationibus
573 646 806 685 hereditate
836 647 990 685 auxilio
1012 646 1215 686 Falcidiae
1248 646 1463 686 institutus
1494 646 1618 686 heres
1646 659 1752 698 qua-

258 701 284 739 2
310 702 501 742 drantem
524 704 706 742 retinere
728 710 880 755 potest.
924 704 1126 750 Quotiens
1148 703 1200 743 de
1222 702 1342 742 modo
1365 710 1538 755 quartae
1562 704 1751 743 retinen-

311 758 388 798 dae
410 760 652 810 quaeritur,
679 766 849 812 propter
878 760 1113 812 periculum
1134 760 1230 812 plus
1252 760 1424 812 petendi
1447 760 1581 800 officio
1603 760 1752 801 iudicis

310 815 504 856 omnibus
526 817 754 856 aestimatis
785 824 932 868 quarta
955 817 1143 857 facienda
1166 824 1248 868 est,
1288 830 1395 869 quae
1416 817 1528 869 apud
1551 817 1750 858 heredem

312 879 539 924 remaneat,
566 880 637 913 aut
659 881 771 914 certe
790 874 996 926 exigenda
1017 875 1151 914 cautio
1173 888 1195 914 a
1218 875 1428 926 legatario,
1454 881 1500 914 ut
1521 875 1634 926 quod
1656 875 1750 927 plus
1778 883 1817 912 ⁴¹0

259 930 282 967 3
310 929 512 970 dodrante
535 932 772 983 perceperit
801 932 1007 971 restituat.
1071 932 1149 983 Ea,
1174 944 1278 983 quae
1300 937 1432 971 mater
1452 932 1551 971 uiua
1573 931 1655 971 filio
1677 931 1752 972 do-

239 987 285 1024 3a
310 988 447 1039 nauit,
474 988 515 1027 in
539 995 731 1040 quartam
753 1001 834 1028 non
857 990 1131 1041 imputantur.
1195 987 1339 1033 *Aeris
1360 989 1486 1029 alieni
1507 989 1594 1028 loco
1616 988 1753 1029 dedu-

308 1044 489 1084 *cuntur
510 1058 592 1084 non
623 1046 755 1085 solum
777 1047 914 1098 pretia
936 1059 1077 1086 eorum
1101 1046 1256 1098 quibus
1287 1046 1460 1085 libertas
1491 1045 1587 1086 data
1617 1052 1680 1086 est
1710 1053 1751 1086 et

309 1101 478 1142 *eorum
501 1103 572 1154 qui
595 1103 798 1155 supplicio
829 1110 928 1143 sunt
955 1103 1129 1154 adfecti,
1165 1103 1240 1143 sed
1263 1110 1303 1143 et
1325 1104 1416 1143 eius
1438 1115 1563 1155 quem
1585 1110 1751 1156 praetor

308 1158 502 1211 *propter
534 1160 734 1200 indicium
764 1160 953 1212 proditae
985 1162 1128 1200 mortis
1158 1161 1227 1200 uel
1257 1160 1444 1200 detectae
1477 1173 1620 1200 eorum
1652 1174 1752 1201 con-
1778 1168 1818 1196 43

260 1216 282 1253 4
308 1216 549 1256 *iurationis
571 1217 764 1257 libertate
787 1217 1001 1257 donauit*
1040 1218 1103 1256 Ex
1123 1231 1236 1257 mora
1259 1217 1608 1270 praestandorum
1631 1218 1751 1258 fidei-

310 1274 622 1314 commissorum
657 1275 727 1314 uel
748 1275 977 1327 legatorum
1001 1274 1162 1314 fructus
1193 1282 1233 1314 et
1254 1288 1406 1315 usurae
1429 1275 1517 1327 peti
1549 1282 1745 1327 possunt:

311 1343 423 1370 mora
446 1338 585 1371 autem
610 1332 700 1371 fieri
723 1332 905 1383 uidetur,
932 1345 1025 1372 cum
1048 1333 1273 1384 postulanti
1296 1345 1377 1372 non
1399 1331 1535 1372 datur.

997 1457 1062 1509 [a]

422 1536 490 1575 *Si
523 1536 661 1576 nullae
693 1537 776 1576 sint
806 1549 872 1576 res
903 1536 1207 1587 hereditariae,
1252 1537 1295 1575 in
1327 1549 1431 1588 quas
1463 1537 1649 1589 legatarii
1680 1538 1748 1577 uel
1774 1545 1815 1573 20

307 1591 704 1633 *fideicommissarii
726 1594 959 1645 mittantur,
986 1594 1028 1633 in
1052 1607 1139 1633 rem
1157 1593 1328 1645 quidem
1350 1593 1517 1633 heredis
1538 1595 1645 1633 mitti
1666 1607 1748 1633 non

308 1649 528 1701 *possunt,
564 1651 638 1690 sed
657 1663 735 1703 per
764 1658 1001 1703 praetorem
1032 1650 1260 1703 denegatas
1289 1651 1436 1691 heredi
1464 1652 1648 1691 actiones
1669 1652 1748 1704 ipsi

307 1706 686 1758 *persequantun*

1003 1832 1053 1884 [x]

426 1912 495 1950 *In
524 1911 645 1951 bonis
665 1913 864 1952 curatoris
886 1912 1155 1964 priuilegium
1178 1911 1323 1951 furiosi
1345 1911 1580 1952 furiosaeue
1602 1926 1749 1953 serua-
1772 1920 1814 1950 25

306 1968 423 2008 *ιω-ε
449 1969 648 2021 prodigus
669 1976 709 2009 et
731 1982 873 2009 omnes
894 1970 1076 2019 omnino,
1103 1970 1263 2009 etiamsi
1288 1970 1328 2008 in
1351 1969 1484 2009 edicto
1506 1982 1587 2009 non
1609 1970 1653 2009 fit
1675 1983 1748 2009 eo—

307 2026 426 2065 *rum
450 2028 625 2076 mentio,
663 2028 704 2066 in
727 2026 848 2066 bonis
880 2027 1082 2066 curatoris
1112 2026 1279 2066 decreto
1310 2027 1578 2078 priuilegium
1601 2040 1747 2067 conse-

306 2083 564 2135 *quuntun*

308 2209 351 2216 να
356 2212 359 2215 ,
364 2210 370 2215 2
380 2208 523 2216 „tatwsmsx
529 2208 568 2215 -xsx
573 2208 622 2215 W
628 2208 659 2216 ,κ
667 2208 745 2216 „mx
755 2208 789 2216 »Ν
793 2208 1330 2217 κακκκκὼνψκκκωκκκωω
1335 2208 1476 2216 μκκ-«κκκ,

402 2267 434 2304 3,
454 2268 491 2296 3a
509 2278 549 2292 =
570 2266 646 2305 Dm.
669 2267 724 2303 35,
746 2268 777 2304 2,
798 2268 839 2296 39
881 2266 894 2306 Η
940 2269 958 2297 9
978 2280 1018 2293 -.
1039 2267 1116 2307 Diq.
1134 2269 1187 2305 36,
1206 2268 1238 2305 4,
1256 2268 1295 2296 4ο
1337 2266 1350 2307 n
1399 2268 1438 2296 4ο
1459 2278 1499 2292 =
1520 2266 1740 2305 D19.27,⁴0,

311 2314 364 2351 45,
388 2314 422 2343 4;
452 2312 528 2342 huic
553 2314 666 2342 autem
691 2312 761 2342 loco
786 2312 866 2342 haec
891 2314 1058 2344 sententia
1074 2313 1148 2344 ideo
1165 2314 1324 2344 restituta
1341 2315 1409 2349 est,
1438 2312 1519 2351 quia
1534 2319 1656 2342 ueram
1672 2313 1744 2343 eius

306 2358 420 2389 sedem
436 2359 528 2389 intra
545 2358 634 2388 hunc
652 2357 774 2388 librum
791 2359 991 2398 iynoramus

316 2450 322 2454 x
328 2449 369 2455 Μ
373 2446 999 2455 <stwxxVNNxxx-„Qxxmxxm—xx
1004 2446 1734 2456 xxmxxxxxsxxmxx-stsxmxmxxsxx

401 2530 413 2556 4
446 2529 616 2568 sequente
635 2528 681 2564 M,
710 2529 831 2559 secuta
849 2527 943 2565 dett„
972 2528 1080 2568 deficit
1098 2528 1122 2559 L
1177 2528 1191 2568 n
1247 2530 1264 2558 7
1292 2528 1439 2568 quartae
1458 2527 1495 2564 L,
1527 2527 1638 2568 partis
1656 2527 1693 2559 M
1729 2525 1742 2570 Η

307 2575 326 2604 8
354 2573 485 2604 iudicis
504 2574 541 2610 L,
563 2573 755 2605 iudicantis
774 2573 812 2604 M
